"Count","Tradelist Count","Name","Edition","Condition","Language","Foil","Tags","Last Modified","Collector Number","Alter","Proxy","Purchase Price"
"1","1","A Tale for the Ages","woe","Near Mint","English","foil","","2025-06-11 02:05:46.097000","34","False","False","0.19"
"1","1","Abandoned Sarcophagus","hou","Near Mint","English","","","2025-06-19 03:02:54.590000","158","False","False","0.18"
"2","2","Abbot of Keral Keep","ori","Near Mint","English","","","2025-06-11 07:35:59.377000","127","False","False","0.16"
"1","1","Abrade","vow","Near Mint","English","foil","","2025-06-11 07:35:59.377000","139","False","False","0.25"
"1","1","Abrade","lci","Near Mint","English","","","2025-06-11 07:35:59.377000","131","False","False","0.09"
"1","1","Abrade","inr","Near Mint","English","","","2025-06-11 07:35:59.377000","311","False","False","0.67"
"1","1","Absorb","prna","Near Mint","English","","","2025-06-19 03:02:54.590000","151p","False","False","0.34"
"1","1","Abuelo, Ancestral Echo","plci","Near Mint","English","foil","","2025-06-19 03:02:54.590000","219s","False","False","0.81"
"1","1","Abundant Growth","ema","Near Mint","English","","","2025-06-14 09:15:28.340000","156","False","False","0.25"
"1","1","Abundant Harvest","mh2","Near Mint","English","","","2025-06-14 09:15:28.340000","147","False","False","0.07"
"1","1","Abyssal Specter","mm3","Near Mint","English","","","2025-06-11 02:05:46.097000","59","False","False","0.12"
"2","2","Abzan Ascendancy","ktk","Near Mint","English","","","2025-06-19 03:02:54.590000","160","False","False","0.24"
"1","1","Abzan Ascendancy","2x2","Near Mint","English","","","2025-06-19 03:02:54.590000","165","False","False","0.19"
"1","1","Abzan Charm","ktk","Near Mint","English","","","2025-06-19 03:02:54.590000","161","False","False","0.13"
"1","1","Abzan Charm","c16","Near Mint","English","","","2025-06-19 03:02:54.590000","177","False","False","0.21"
"1","1","Abzan Charm","2x2","Near Mint","English","","","2025-06-19 03:02:54.590000","166","False","False","0.12"
"1","1","Academic Probation","stx","Near Mint","English","","","2025-06-11 02:05:46.097000","7","False","False","0.06"
"1","1","Accursed Marauder","mh3","Near Mint","English","foil","","2025-06-11 02:05:46.097000","405","False","False","0.56"
"1","1","Ace's Baseball Bat","who","Near Mint","English","","","2025-06-19 03:02:54.590000","170","False","False","0.16"
"1","1","Acidic Slime","m13","Near Mint","English","","","2025-06-14 09:15:28.340000","159","False","False","0.09"
"1","1","Acidic Slime","p30a","Near Mint","English","foil","","2025-06-14 09:15:28.340000","17","False","False","0.25"
"1","1","Acidic Slime","m3c","Near Mint","English","foil","","2025-06-14 09:15:28.340000","218","False","False","0.15"
"1","1","Acolyte of Bahamut","clb","Near Mint","English","","","2025-06-14 09:15:28.340000","212","False","False","0.04"
"1","1","Act of Treason","ori","Near Mint","English","foil","","2025-06-11 07:35:59.377000","129","False","False","0.32"
"1","1","Adarkar Valkyrie","c14","Near Mint","English","","","2025-06-11 02:05:46.097000","63","False","False","1.14"
"1","1","Adriana, Captain of the Guard","dmc","Near Mint","English","","","2025-06-19 03:02:54.590000","139","False","False","0.18"
"1","1","Adult Gold Dragon","afr","Near Mint","English","foil","","2025-06-19 03:02:54.590000","216","False","False","0.33"
"1","1","Adventure Awaits","znr","Near Mint","English","foil","","2025-06-14 09:15:28.340000","177","False","False","0.04"
"1","1","Aegar, the Freezing Flame","mul","Near Mint","English","","","2025-06-19 03:02:54.590000","31","False","False","0.05"
"1","1","Aeon Engine","c19","Near Mint","English","","","2025-06-19 03:02:54.590000","52","False","False","0.21"
"1","1","Aether Barrier","nem","Near Mint","English","","","2025-06-11 02:05:46.097000","27","False","False","1.92"
"1","1","Aether Channeler","dmu","Near Mint","English","","","2025-06-11 02:05:46.097000","42","False","False","0.29"
"1","1","Aether Snap","dst","Near Mint","English","foil","","2025-06-11 02:06:23.177000","37","False","False","10.21"
"1","1","Aether Spellbomb","mma","Near Mint","English","","","2025-06-19 03:02:54.590000","196","False","False","0.19"
"1","1","Aether Vial","2x2","Near Mint","English","foil","","2025-06-19 03:03:28.607000","298","False","False","5.72"
"1","1","Aetherflux Conduit","drc","Near Mint","English","","","2025-06-19 03:02:54.590000","33","False","False","0.20"
"1","1","Aethergeode Miner","m3c","Near Mint","English","","","2025-06-11 02:05:46.097000","163","False","False","0.10"
"1","1","Aetheric Amplifier","drc","Near Mint","English","","","2025-06-19 03:02:54.590000","34","False","False","1.04"
"1","1","Aetherize","c15","Near Mint","English","","","2025-06-11 02:05:46.097000","85","False","False","0.51"
"3","3","Aetherling","dgm","Near Mint","English","","","2025-06-11 02:05:46.097000","11","False","False","0.22"
"1","1","Aethermage's Touch","2x2","Near Mint","English","","","2025-06-19 03:02:54.590000","167","False","False","0.04"
"1","1","Aethersnipe","mm2","Near Mint","English","foil","","2025-06-11 02:05:46.097000","39","False","False","0.20"
"1","1","Aethersnipe","2x2","Near Mint","English","foil","","2025-06-11 02:05:46.097000","37","False","False","0.06"
"1","1","Aethersphere Harvester","m3c","Near Mint","English","","","2025-06-19 03:02:54.590000","280","False","False","0.10"
"1","1","Aethersquall Ancient","drc","Near Mint","English","","","2025-06-19 03:05:17.180000","68","False","False","0.10"
"1","1","Aetherstorm Roc","m3c","Near Mint","English","","","2025-06-11 02:05:46.097000","164","False","False","0.09"
"1","1","Aethertide Whale","m3c","Near Mint","English","","","2025-06-11 02:05:46.097000","175","False","False","0.08"
"1","1","Aetherworks Marvel","m3c","Near Mint","English","","","2025-06-19 03:02:54.590000","281","False","False","0.21"
"1","1","Aeve, Progenitor Ooze","mh2","Near Mint","English","","","2025-06-14 09:15:28.340000","148","False","False","0.17"
"1","1","Agate Instigator","blc","Near Mint","English","","","2025-06-11 07:35:38.343000","56","False","False","9.96"
"1","1","Agatha of the Vile Cauldron","woe","Near Mint","English","foil","","2025-06-19 03:02:54.590000","199","False","False","1.46"
"1","1","Agitator Ant","mkc","Near Mint","English","","","2025-06-11 07:35:59.377000","145","False","False","0.12"
"1","1","Agrus Kos, Spirit of Justice","mkm","Near Mint","English","","","2025-06-19 03:02:54.590000","184","False","False","0.28"
"1","1","Ainok Survivalist","mkc","Near Mint","English","","","2025-06-14 09:15:28.340000","165","False","False","0.08"
"1","1","Ajani's Pridemate","ima","Near Mint","English","","","2025-06-11 02:05:46.097000","5","False","False","0.20"
"1","1","Akroma, Angel of Fury","mkc","Near Mint","English","","","2025-06-11 07:35:59.377000","146","False","False","0.19"
"1","1","Akroma's Vengeance","c20","Near Mint","English","","","2025-06-11 02:05:46.097000","74","False","False","0.36"
"1","1","Akul the Unrepentant","otj","Near Mint","English","foil","","2025-06-19 03:02:54.590000","189","False","False","0.22"
"1","1","Akul the Unrepentant","otj","Near Mint","English","","","2025-06-19 03:02:54.590000","346","False","False","0.96"
"1","1","Akul the Unrepentant","otj","Near Mint","English","","","2025-06-19 03:02:54.590000","189","False","False","0.11"
"1","1","Alania, Divergent Storm","blb","Near Mint","English","","","2025-06-19 03:02:54.590000","327","False","False","0.62"
"1","1","Alania, Divergent Storm","blb","Near Mint","English","","","2025-06-19 03:02:54.590000","204","False","False","0.12"
"1","1","Alania, Divergent Storm","pblb","Near Mint","English","foil","","2025-06-19 03:02:54.590000","204p","False","False","1.02"
"1","1","Alaundo the Seer","clb","Near Mint","English","","","2025-06-19 03:02:54.590000","264","False","False","0.11"
"1","1","Alchemist's Talent","blc","Near Mint","English","","","2025-06-11 07:35:38.343000","22","False","False","5.65"
"1","1","Alesha, Who Smiles at Death","c16","Near Mint","English","","","2025-06-19 03:02:54.590000","119","False","False","0.33"
"1","1","Alesha, Who Smiles at Death","dmc","Near Mint","English","","","2025-06-19 03:02:54.590000","118","False","False","0.18"
"1","1","Alistair, the Brigadier","who","Near Mint","English","","","2025-06-19 03:02:54.590000","112","False","False","0.11"
"1","1","All Is Dust","mm2","Near Mint","English","","","2025-06-19 03:03:28.607000","1","False","False","3.88"
"1","1","Alloy Myr","mm2","Near Mint","English","","","2025-06-19 03:02:54.590000","201","False","False","0.33"
"1","1","Altar of Bhaal // Bone Offering","clb","Near Mint","English","foil","","2025-06-11 02:05:46.097000","109","False","False","0.25"
"2","2","Altar of the Brood","ktk","Near Mint","English","","","2025-06-19 03:03:28.607000","216","False","False","8.09"
"1","1","Altar of the Goyf","m3c","Near Mint","English","","","2025-06-19 03:02:54.590000","282","False","False","0.04"
"2","2","Altered Ego","soi","Near Mint","English","","","2025-06-19 03:02:54.590000","241","False","False","0.43"
"1","1","Ambitious Dragonborn","clb","Near Mint","English","foil","","2025-06-14 09:15:28.340000","213","False","False","0.12"
"1","1","Amphin Mutineer","mkc","Near Mint","English","","","2025-06-11 02:05:46.097000","95","False","False","0.08"
"1","1","An Unearthly Child","who","Near Mint","English","","","2025-06-11 02:05:46.097000","35","False","False","0.11"
"1","1","Anafenza, Kin-Tree Spirit","dmc","Near Mint","English","","","2025-06-11 02:05:46.097000","97","False","False","0.12"
"1","1","Anax and Cymede","ths","Near Mint","English","","","2025-06-19 03:02:54.590000","186","False","False","0.14"
"4","4","Ancestral Vision","jvc","Near Mint","English","","","2025-06-11 02:06:23.177000","21","False","False","5.59"
"1","1","Ancient Grudge","mm3","Near Mint","English","foil","","2025-06-11 07:35:59.377000","88","False","False","0.86"
"1","1","Ancient Stone Idol","c18","Near Mint","English","","","2025-06-19 03:02:54.590000","53","False","False","0.42"
"1","1","Ancient Stone Idol","mkc","Near Mint","English","","","2025-06-19 03:02:54.590000","222","False","False","0.19"
"1","1","Angel of Finality","moc","Near Mint","English","","","2025-06-11 02:05:46.097000","169","False","False","0.17"
"1","1","Angel of Invention","kld","Near Mint","English","","","2025-06-11 02:05:46.097000","4","False","False","0.66"
"1","1","Angel of Invention","m3c","Near Mint","English","","","2025-06-11 02:05:46.097000","166","False","False","0.38"
"1","1","Angel of Salvation","moc","Near Mint","English","","","2025-06-11 02:05:46.097000","170","False","False","0.17"
"1","1","Angel of the Dire Hour","c14","Near Mint","English","","","2025-06-11 02:05:46.097000","1","False","False","1.87"
"1","1","Angel's Grace","mma","Near Mint","English","","","2025-06-11 02:06:23.177000","4","False","False","6.92"
"1","1","Anger","m3c","Near Mint","English","","","2025-06-11 07:35:59.377000","208","False","False","1.47"
"1","1","Anguished Unmaking","soi","Near Mint","English","","","2025-06-19 03:03:28.607000","242","False","False","2.59"
"1","1","Anguished Unmaking","2x2","Near Mint","English","","","2025-06-19 03:03:28.607000","170","False","False","2.75"
"1","1","Anguished Unmaking","otp","Near Mint","English","foil","","2025-06-19 03:03:28.607000","35","False","False","3.77"
"1","1","Animation Module","kld","Near Mint","English","","","2025-06-19 03:02:54.590000","194","False","False","1.06"
"1","1","Animist's Might","mat","Near Mint","English","","","2025-06-14 09:15:28.340000","70","False","False","0.07"
"1","1","Anje Falkenrath","c19","Near Mint","English","foil","","2025-06-19 03:02:54.590000","37","False","False","1.20"
"1","1","Anje's Ravager","c19","Near Mint","English","","","2025-06-11 07:35:59.377000","22","False","False","0.33"
"1","1","Another Chance","lci","Near Mint","English","","","2025-06-11 02:05:46.097000","90","False","False","0.03"
"1","1","Ant Queen","mm2","Near Mint","English","foil","","2025-06-19 03:00:34.663000","139","False","False","3.14"
"1","1","Anya, Merciless Angel","mkc","Near Mint","English","","","2025-06-19 03:02:54.590000","199","False","False","0.21"
"1","1","Anzrag's Rampage","mkm","Near Mint","English","","","2025-06-11 07:35:59.377000","303","False","False","0.17"
"1","1","Apocalypse Hydra","mm2","Near Mint","English","","","2025-06-19 03:02:54.590000","171","False","False","0.90"
"1","1","Apprentice Necromancer","c17","Near Mint","English","","","2025-06-11 02:05:46.097000","97","False","False","0.94"
"1","1","Apprentice Wizard","4ed","Near Mint","English","","","2025-06-11 02:05:46.097000","61","False","False","0.13"
"1","1","Approach of the Second Sun","akh","Near Mint","English","","","2025-06-11 02:06:23.177000","4","False","False","3.28"
"1","1","Aquamoeba","dmr","Near Mint","English","foil","","2025-06-11 02:05:46.097000","38","False","False","0.10"
"1","1","Arachnoid Adaptation","mom","Near Mint","English","","","2025-06-14 09:15:28.340000","175","False","False","0.03"
"1","1","Aragorn, King of Gondor","ltc","Near Mint","English","foil","","2025-06-19 03:03:28.607000","85","False","False","2.33"
"1","1","Arashin Sovereign","dtk","Near Mint","English","","","2025-06-19 03:02:54.590000","212","False","False","0.21"
"1","1","Arboreal Grazer","war","Near Mint","English","","","2025-06-14 09:15:28.340000","149","False","False","0.10"
"1","1","Arboreal Grazer","rvr","Near Mint","English","","","2025-06-14 09:15:28.340000","343","False","False","0.32"
"1","1","Arboreal Grazer","rvr","Near Mint","English","foil","","2025-06-14 09:15:28.340000","343","False","False","1.99"
"1","1","Arcane Denial","a25","Near Mint","English","","","2025-06-11 02:06:23.177000","41","False","False","2.87"
"1","1","Arcane Denial","drc","Near Mint","English","","","2025-06-28 04:22:19.293000","70","False","False","1.64"
"1","1","Arcane Heist","otc","Near Mint","English","","","2025-06-11 02:05:46.097000","49","False","False","0.28"
"1","1","Arcane Melee","avr","Near Mint","English","","","2025-06-11 02:05:46.097000","44","False","False","0.27"
"2","2","Arcane Signet","dmc","Near Mint","English","","","2025-06-19 03:02:54.590000","177","False","False","0.45"
"2","2","Arcane Signet","mkc","Near Mint","English","","","2025-06-19 03:02:54.590000","223","False","False","0.35"
"2","2","Arcane Signet","m3c","Near Mint","English","","","2025-06-19 03:02:54.590000","283","False","False","0.41"
"1","1","Arcane Signet","dsc","Near Mint","English","","","2025-06-19 03:02:54.590000","92","False","False","0.39"
"1","1","Arcane Signet","drc","Near Mint","English","","","2025-06-28 04:22:19.293000","52","False","False","0.47"
"1","1","Arcanis the Omnipotent","ddn","Near Mint","English","foil","","2025-06-11 02:05:46.097000","42","False","False","0.39"
"1","1","Arcanis the Omnipotent","c17","Near Mint","English","","","2025-06-11 02:05:46.097000","80","False","False","0.37"
"1","1","Arcanis the Omnipotent","dmr","Near Mint","English","","","2025-06-11 02:05:46.097000","280","False","False","0.26"
"1","1","Arcanum Wings","fut","Near Mint","English","","","2025-06-19 03:05:17.180000","48","False","False","1.38"
"1","1","Arcbound Overseer","dst","Near Mint","English","","","2025-06-19 03:02:54.590000","99","False","False","1.62"
"1","1","Arcbound Slasher","mh2","Near Mint","English","","","2025-06-11 07:35:59.377000","111","False","False","0.04"
"1","1","Arcbound Tracker","mh2","Near Mint","English","","","2025-06-11 07:35:59.377000","112","False","False","0.03"
"1","1","Arcbound Worker","dst","Near Mint","English","","","2025-06-19 03:02:54.590000","104","False","False","0.26"
"1","1","Archangel Avacyn // Avacyn, the Purifier","v17","Near Mint","English","foil","","2025-06-19 03:03:28.607000","1","False","False","4.34"
"1","1","Archfiend of Depravity","frf","Near Mint","English","","","2025-06-11 02:06:23.177000","62","False","False","3.48"
"1","1","Archfiend of Ifnir","akh","Near Mint","English","","","2025-06-11 02:05:46.097000","78","False","False","1.85"
"1","1","Archfiend of Spite","c19","Near Mint","English","","","2025-06-11 02:05:46.097000","14","False","False","0.55"
"1","1","Archive Dragon","woe","Near Mint","English","foil","","2025-06-11 02:05:46.097000","41","False","False","0.14"
"1","1","Archivist of Gondor","ltc","Near Mint","English","","","2025-06-11 02:05:46.097000","420","False","False","0.39"
"1","1","Archmage Emeritus","otc","Near Mint","English","","","2025-06-11 02:06:23.177000","90","False","False","3.10"
"1","1","Archmage's Charm","otp","Near Mint","English","","","2025-06-19 03:05:17.180000","8","False","False","0.53"
"1","1","Archmage's Charm","otp","Near Mint","English","foil","","2025-06-11 02:05:46.097000","8","False","False","0.88"
"1","1","Archmage's Newt","otj","Near Mint","English","foil","","2025-06-11 02:05:46.097000","39","False","False","0.23"
"1","1","Archmage's Newt","otj","Near Mint","English","","","2025-06-11 02:05:46.097000","316","False","False","0.27"
"1","1","Archon of Cruelty","m3c","Near Mint","English","","","2025-06-11 02:06:23.177000","197","False","False","3.00"
"1","1","Archon of the Triumvirate","rtr","Near Mint","English","","","2025-06-19 03:02:54.590000","142","False","False","0.13"
"1","1","Archpriest of Iona","znr","Near Mint","English","","","2025-06-11 02:05:46.097000","316","False","False","0.17"
"1","1","Arclight Phoenix","rvr","Near Mint","English","","","2025-06-11 07:35:59.377000","427","False","False","1.35"
"1","1","Arcum's Astrolabe","mh1","Near Mint","English","","","2025-06-19 03:02:54.590000","220","False","False","0.13"
"1","1","Argentum Armor","c14","Near Mint","English","","","2025-06-19 03:03:28.607000","228","False","False","2.01"
"1","1","Argothian Elder","usg","Near Mint","English","","","2025-06-14 09:15:28.340000","233","False","False","0.74"
"1","1","Arguel's Blood Fast // Temple of Aclazotz","v17","Near Mint","English","foil","","2025-06-11 02:05:46.097000","2","False","False","0.78"
"1","1","Arlinn Kord // Arlinn, Embraced by the Moon","v17","Near Mint","English","foil","","2025-06-19 03:03:28.607000","3","False","False","4.42"
"1","1","Armillary Sphere","c19","Near Mint","English","","","2025-06-19 03:02:54.590000","209","False","False","0.13"
"1","1","Armistice","c14","Near Mint","English","","","2025-06-11 02:05:46.097000","65","False","False","0.09"
"1","1","Army of the Damned","isd","Near Mint","English","","","2025-06-11 02:05:46.097000","87","False","False","1.02"
"1","1","Arna Kennerüd, Skycaptain","mh3","Near Mint","English","foil","","2025-06-19 03:02:54.590000","178","False","False","0.56"
"1","1","Aron, Benalia's Ruin","dmu","Near Mint","English","","","2025-06-19 03:02:54.590000","193","False","False","0.11"
"1","1","Artifact Mutation","c16","Near Mint","English","","","2025-06-19 03:02:54.590000","179","False","False","1.10"
"1","1","Artificial Evolution","ons","Near Mint","English","","","2025-06-11 02:06:23.177000","67","False","False","2.37"
"1","1","Artistic Refusal","mom","Near Mint","English","","","2025-06-11 02:05:46.097000","46","False","False","0.08"
"1","1","Arvad the Cursed","dmc","Near Mint","English","","","2025-06-19 03:02:54.590000","141","False","False","0.15"
"1","1","Arwen, Mortal Queen","ltr","Near Mint","English","","","2025-06-19 03:03:28.607000","193","False","False","9.85"
"1","1","Arwen, Weaver of Hope","ltc","Near Mint","English","foil","","2025-06-19 03:00:34.663000","437","False","False","17.95"
"1","1","Ash Zealot","rtr","Near Mint","English","","","2025-06-11 07:35:59.377000","86","False","False","0.23"
"2","2","Ashcloud Phoenix","ktk","Near Mint","English","","","2025-06-11 07:35:59.377000","99","False","False","0.25"
"1","1","Ashcloud Phoenix","mkc","Near Mint","English","","","2025-06-11 07:35:59.377000","147","False","False","0.10"
"1","1","Ashen Rider","2x2","Near Mint","English","","","2025-06-19 03:02:54.590000","173","False","False","0.37"
"1","1","Ashiok, Dream Render","war","Near Mint","English","","","2025-06-19 03:02:54.590000","228","False","False","1.47"
"1","1","Ashling the Pilgrim","dmc","Near Mint","English","","","2025-06-11 07:35:59.377000","119","False","False","0.18"
"1","1","Ashnod, Flesh Mechanist","bro","Near Mint","English","","","2025-06-11 02:05:46.097000","84","False","False","0.10"
"1","1","Aspect of Hydra","bng","Near Mint","English","","","2025-06-14 09:15:28.340000","117","False","False","0.13"
"1","1","Assassin Gauntlet","acr","Near Mint","English","etched","","2025-06-11 02:06:23.177000","185","False","False","2.17"
"1","1","Assassin Initiate","acr","Near Mint","English","foil","","2025-06-11 02:05:46.097000","22","False","False","0.13"
"1","1","Assassin's Trophy","grn","Near Mint","English","foil","","2025-06-19 03:03:28.607000","152","False","False","3.97"
"1","1","Assassin's Trophy","2x2","Near Mint","English","foil","","2025-06-19 03:03:28.607000","175","False","False","3.48"
"1","1","Assault on Osgiliath","ltr","Near Mint","English","","","2025-06-11 07:35:59.377000","285","False","False","0.35"
"1","1","Assemble the Legion","gtc","Near Mint","English","","","2025-06-19 03:02:54.590000","142","False","False","0.39"
"1","1","Assimilation Aegis","otj","Near Mint","English","foil","","2025-06-19 03:02:54.590000","192","False","False","0.67"
"1","1","Astarion, the Decadent","clb","Near Mint","English","","","2025-06-19 03:02:54.590000","413","False","False","0.13"
"2","2","Astral Cornucopia","brr","Near Mint","English","","","2025-06-19 03:02:54.590000","5","False","False","1.29"
"1","1","Astral Drift","mh1","Near Mint","English","","","2025-06-11 02:05:46.097000","3","False","False","0.23"
"1","1","Asylum Visitor","c19","Near Mint","English","","","2025-06-11 02:05:46.097000","103","False","False","0.21"
"4","4","Atarka's Command","dtk","Near Mint","English","","","2025-06-19 03:02:54.590000","213","False","False","1.19"
"1","1","Atog","mrd","Near Mint","English","","","2025-06-11 07:35:59.377000","86","False","False","0.18"
"1","1","Auger Spree","mm3","Near Mint","English","","","2025-06-19 03:02:54.590000","151","False","False","0.06"
"1","1","Augur of Autumn","pmid","Near Mint","English","","","2025-06-14 09:15:28.340000","168p","False","False","1.73"
"1","1","Augur of Bolas","mm3","Near Mint","English","foil","","2025-06-11 02:05:46.097000","30","False","False","0.28"
"1","1","Aura Mutation","c16","Near Mint","English","","","2025-06-19 03:03:28.607000","180","False","False","3.72"
"1","1","Auramancer","dmr","Near Mint","English","","","2025-06-11 02:05:46.097000","1","False","False","0.05"
"1","1","Aurelia, the Law Above","mkm","Near Mint","English","","","2025-06-19 03:03:28.607000","317","False","False","2.54"
"1","1","Aurelia, the Law Above","mkm","Near Mint","English","","","2025-06-19 03:02:54.590000","357","False","False","1.15"
"1","1","Aurelia's Vindicator","mkm","Near Mint","English","","","2025-06-11 02:05:46.097000","336","False","False","0.20"
"1","1","Aurora Phoenix","cmr","Near Mint","English","","","2025-06-11 07:35:59.377000","161","False","False","0.21"
"1","1","Aurora Shifter","m3c","Near Mint","English","","","2025-06-11 02:05:46.097000","97","False","False","0.19"
"1","1","Auspicious Arrival","mkm","Near Mint","English","foil","","2025-06-11 02:05:46.097000","288","False","False","0.08"
"1","1","Austere Command","ima","Near Mint","English","","","2025-06-11 02:05:46.097000","10","False","False","0.95"
"1","1","Auton Soldier","who","Near Mint","English","","","2025-06-11 02:06:23.177000","353","False","False","17.12"
"1","1","Autumn's Veil","m12","Near Mint","English","","","2025-06-14 09:15:28.340000","164","False","False","0.39"
"1","1","Avacyn's Judgment","c19","Near Mint","English","","","2025-06-11 07:35:59.377000","134","False","False","0.09"
"2","2","Avacyn's Pilgrim","mm3","Near Mint","English","","","2025-06-19 03:02:54.590000","119","False","False","0.45"
"1","1","Avacyn's Pilgrim","isd","Near Mint","English","","","2025-06-19 03:02:54.590000","170","False","False","0.37"
"1","1","Avarice Totem","5dn","Near Mint","English","","","2025-06-19 03:02:54.590000","104","False","False","0.33"
"1","1","Aven Heartstabber","snc","Near Mint","English","","","2025-06-19 03:02:54.590000","166","False","False","0.15"
"1","1","Aven Mindcensor","akh","Near Mint","English","","","2025-06-11 02:05:46.097000","5","False","False","0.64"
"1","1","Aven Mindcensor","clb","Near Mint","English","","","2025-06-11 02:05:46.097000","688","False","False","1.91"
"1","1","Awaken the Honored Dead","ptdm","Near Mint","English","foil","","2025-06-19 03:02:54.590000","170s","False","False","1.10"
"1","1","Axebane Ferox","mkm","Near Mint","English","foil","","2025-06-14 09:15:28.340000","153","False","False","0.19"
"1","1","Ayara, First of Locthwain","eld","Near Mint","English","foil","","2025-06-11 02:06:23.177000","75","False","False","3.45"
"1","1","Ayara's Oathsworn","mat","Near Mint","English","","","2025-06-11 02:05:46.097000","61","False","False","0.44"
"1","1","Ayesha Tanaka, Armorer","dmc","Near Mint","English","foil","","2025-06-19 03:02:54.590000","29","False","False","0.27"
"1","1","Ayli, Eternal Pilgrim","plst","Near Mint","English","","","2025-06-19 03:02:54.590000","OGW-151","False","False","0.27"
"1","1","Azami, Lady of Scrolls","c17","Near Mint","English","","","2025-06-11 02:05:46.097000","82","False","False","0.28"
"1","1","Azorius Signet","mm3","Near Mint","English","","","2025-06-19 03:02:54.590000","215","False","False","0.39"
"1","1","Azorius Signet","dis","Near Mint","English","","","2025-06-19 03:02:54.590000","159","False","False","0.45"
"1","1","Baba Lysaga, Night Witch","clb","Near Mint","English","etched","","2025-06-19 03:02:54.590000","525","False","False","0.19"
"1","1","Back in Town","otc","Near Mint","English","","","2025-06-11 02:05:46.097000","18","False","False","1.06"
"2","2","Bag of Devouring","afc","Near Mint","English","","","2025-06-11 02:05:46.097000","290","False","False","0.28"
"1","1","Bag of Holding","m20","Near Mint","English","","","2025-06-19 03:02:54.590000","222","False","False","0.21"
"1","1","Bag of Holding","clb","Near Mint","English","foil","","2025-06-19 03:02:54.590000","299","False","False","0.16"
"1","1","Bake into a Pie","eld","Near Mint","English","","","2025-06-11 02:05:46.097000","76","False","False","0.07"
"1","1","Balduvian Atrocity","dmu","Near Mint","English","","","2025-06-11 02:05:46.097000","79","False","False","0.04"
"1","1","Balefire Liege","2x2","Near Mint","English","foil","","2025-06-19 03:03:28.607000","180","False","False","2.74"
"1","1","Baleful Strix","c16","Near Mint","English","","","2025-06-19 03:02:54.590000","181","False","False","0.81"
"1","1","Ball Lightning","p30a","Near Mint","English","foil","","2025-06-11 07:35:59.377000","2","False","False","0.90"
"1","1","Banefire","mm2","Near Mint","English","","","2025-06-11 07:35:59.377000","104","False","False","0.55"
"1","1","Banish from Edoras","ltr","Near Mint","English","","","2025-06-11 02:05:46.097000","1","False","False","0.03"
"1","1","Banish to Another Universe","who","Near Mint","English","","","2025-06-11 02:05:46.097000","13","False","False","0.05"
"1","1","Banisher Priest","moc","Near Mint","English","","","2025-06-11 02:05:46.097000","173","False","False","0.07"
"1","1","Banishing Knack","eve","Near Mint","English","","","2025-06-19 03:05:17.180000","17","False","False","0.89"
"1","1","Bant Charm","2x2","Near Mint","English","","","2025-06-19 03:02:54.590000","181","False","False","0.17"
"2","2","Baral, Chief of Compliance","aer","Near Mint","English","","","2025-06-11 02:05:46.097000","28","False","False","1.26"
"1","1","Barbarian Class","afr","Near Mint","English","foil","","2025-06-11 07:35:59.377000","131","False","False","0.77"
"1","1","Barbed Servitor","mkm","Near Mint","English","","","2025-06-11 02:05:46.097000","398","False","False","0.45"
"1","1","Barbed Servitor","mkm","Near Mint","English","foil","","2025-06-11 02:05:46.097000","77","False","False","0.30"
"1","1","Bard Class","afr","Near Mint","English","","","2025-06-19 03:02:54.590000","217","False","False","0.69"
"1","1","Barrin, Tolarian Archmage","j22","Near Mint","English","","","2025-06-11 02:05:46.097000","276","False","False","0.16"
"1","1","Barrowgoyf","m3c","Near Mint","English","","","2025-06-11 02:06:23.177000","102","False","False","8.70"
"1","1","Bartolomé del Presidio","lci","Near Mint","English","","","2025-06-19 03:02:54.590000","409","False","False","0.27"
"1","1","Basal Sliver","sld","Near Mint","English","foil","","2025-06-11 02:05:46.097000","629","False","False","1.77"
"1","1","Basalt Monolith","2xm","Near Mint","English","","","2025-06-19 03:03:28.607000","232","False","False","3.77"
"1","1","Basilisk Collar","dsc","Near Mint","English","","","2025-06-19 03:02:54.590000","241","False","False","1.97"
"1","1","Bastion of Remembrance","dsc","Near Mint","English","","","2025-06-11 02:05:46.097000","131","False","False","0.27"
"1","1","Battered Golem","5dn","Near Mint","English","","","2025-06-19 03:02:54.590000","106","False","False","0.40"
"1","1","Battle Screech","moc","Near Mint","English","","","2025-06-11 02:05:46.097000","174","False","False","0.13"
"4","4","Battlewise Hoplite","ths","Near Mint","English","","","2025-06-19 03:02:54.590000","189","False","False","0.13"
"1","1","Beacon of Unrest","c19","Near Mint","English","","","2025-06-11 02:05:46.097000","105","False","False","0.25"
"1","1","Beast Whisperer","p30a","Near Mint","English","foil","","2025-06-19 03:00:34.663000","26","False","False","3.20"
"3","3","Beastcaller Savant","bfz","Near Mint","English","","","2025-06-14 09:15:28.340000","170","False","False","0.51"
"3","3","Become Immense","ktk","Near Mint","English","","","2025-06-14 09:15:28.340000","130","False","False","0.14"
"1","1","Bedevil","dmc","Near Mint","English","","","2025-06-19 03:02:54.590000","144","False","False","0.89"
"1","1","Bedevil","otp","Near Mint","English","","","2025-06-19 03:02:54.590000","37","False","False","0.29"
"1","1","Bedevil","dsc","Near Mint","English","","","2025-06-19 03:02:54.590000","84","False","False","0.58"
"1","1","Bedlam","plst","Near Mint","English","","","2025-06-11 07:35:38.343000","USG-175","False","False","8.17"
"1","1","Bedlam Reveler","emn","Near Mint","English","","","2025-06-11 07:35:59.377000","118","False","False","0.18"
"1","1","Bedlam Reveler","2x2","Near Mint","English","","","2025-06-11 07:35:59.377000","104","False","False","0.19"
"1","1","Behemoth Sledge","arb","Near Mint","English","foil","","2025-06-19 03:03:28.607000","65","False","False","2.22"
"1","1","Be'lakor, the Dark Master","40k","Near Mint","English","foil","","2025-06-19 03:03:28.607000","6","False","False","16.17"
"1","1","Beledros Witherbloom","blc","Near Mint","English","","","2025-06-19 03:03:28.607000","247","False","False","4.20"
"1","1","Bell Borca, Spectral Sergeant","cmr","Near Mint","English","","","2025-06-19 03:02:54.590000","271","False","False","0.10"
"1","1","Bell Borca, Spectral Sergeant","dmc","Near Mint","English","","","2025-06-19 03:02:54.590000","145","False","False","0.12"
"1","1","Berserkers' Onslaught","dtk","Near Mint","English","","","2025-06-11 07:35:59.377000","130","False","False","0.67"
"1","1","Beseech the Queen","plst","Near Mint","English","","","2025-06-11 02:06:23.177000","SHM-57","False","False","3.14"
"1","1","Bespoke Battlewagon","mh3","Near Mint","English","","","2025-06-11 02:05:46.097000","52","False","False","0.05"
"1","1","Bessie, the Doctor's Roadster","who","Near Mint","English","","","2025-06-19 03:02:54.590000","171","False","False","0.12"
"1","1","Bident of Thassa","m3c","Near Mint","English","","","2025-06-11 02:05:46.097000","177","False","False","0.33"
"1","1","Big Game Hunter","c19","Near Mint","English","","","2025-06-11 02:05:46.097000","106","False","False","0.63"
"1","1","Bill Ferny, Bree Swindler","ltr","Near Mint","English","foil","","2025-06-11 02:05:46.097000","42","False","False","0.12"
"1","1","Bind","inv","Near Mint","English","","","2025-06-19 03:00:34.663000","182","False","False","3.95"
"1","1","Birthday Escape","ltr","Near Mint","English","","","2025-06-11 02:05:46.097000","43","False","False","0.10"
"1","1","Birthday Escape","ltr","Near Mint","English","","","2025-06-11 02:05:46.097000","494","False","False","0.47"
"1","1","Bite Down on Crime","mkm","Near Mint","English","foil","","2025-06-14 09:15:28.340000","154","False","False","0.07"
"1","1","Biting-Palm Ninja","neo","Near Mint","English","","","2025-06-11 02:05:46.097000","452","False","False","0.30"
"1","1","Bituminous Blast","m3c","Near Mint","English","","","2025-06-19 03:02:54.590000","255","False","False","0.04"
"1","1","Black Market Tycoon","snc","Near Mint","English","foil","","2025-06-19 03:02:54.590000","167","False","False","0.19"
"1","1","Black Sun's Zenith","mkc","Near Mint","English","","","2025-06-11 02:05:46.097000","126","False","False","0.36"
"1","1","Blackblade Reforged","dmc","Near Mint","English","","","2025-06-19 03:03:28.607000","178","False","False","3.06"
"1","1","Blade of Selves","tdc","Near Mint","English","","","2025-06-19 03:03:28.607000","313","False","False","3.16"
"1","1","Blade of the Bloodchief","zen","Near Mint","English","","","2025-06-19 03:03:28.607000","196","False","False","6.15"
"1","1","Blades of Velis Vel","mm2","Near Mint","English","","","2025-06-11 07:35:59.377000","105","False","False","0.11"
"1","1","Bladewing, Deathless Tyrant","dmc","Near Mint","English","","","2025-06-19 03:03:28.607000","9","False","False","4.04"
"1","1","Blasphemous Act","c18","Near Mint","English","","","2025-06-11 07:35:59.377000","120","False","False","1.93"
"1","1","Blasphemous Act","drc","Near Mint","English","","","2025-06-28 04:22:19.293000","101","False","False","1.69"
"1","1","Blaster, Combat DJ // Blaster, Morale Booster","bot","Near Mint","English","","","2025-06-19 03:02:54.590000","8","False","False","0.49"
"1","1","Blazing Rootwalla","mh2","Near Mint","English","foil","","2025-06-11 07:35:59.377000","404","False","False","0.30"
"1","1","Blazing Shoal","plst","Near Mint","English","","","2025-06-11 07:35:38.343000","BOK-96","False","False","9.78"
"2","2","Blessed Alliance","emn","Near Mint","English","","","2025-06-11 02:05:46.097000","13","False","False","0.17"
"1","1","Blessed Reincarnation","pdtk","Near Mint","English","foil","","2025-06-11 02:05:46.097000","47s","False","False","0.53"
"1","1","Blinkmoth Urn","mrd","Near Mint","English","","","2025-06-19 03:03:28.607000","145","False","False","2.03"
"1","1","Blood Artist","avr","Near Mint","English","","","2025-06-11 02:05:46.097000","86","False","False","0.94"
"1","1","Blood Artist","2x2","Near Mint","English","foil","","2025-06-11 02:06:23.177000","70","False","False","2.71"
"1","1","Blood Artist","dsc","Near Mint","English","","","2025-06-11 02:05:46.097000","132","False","False","0.95"
"1","1","Blood Moon","mm3","Near Mint","English","","","2025-06-11 07:35:38.343000","90","False","False","6.82"
"1","1","Blood Moon","mma","Near Mint","English","","","2025-06-11 07:35:38.343000","106","False","False","6.78"
"1","1","Blood Pact","dsc","Near Mint","English","","","2025-06-11 02:05:46.097000","76","False","False","0.10"
"1","1","Blood Price","znr","Near Mint","English","foil","","2025-06-11 02:05:46.097000","93","False","False","0.09"
"1","1","Blood Scrivener","dgm","Near Mint","English","","","2025-06-11 02:05:46.097000","22","False","False","0.19"
"1","1","Blood Seeker","dsc","Near Mint","English","","","2025-06-11 02:05:46.097000","77","False","False","0.22"
"1","1","Blood Spatter Analysis","pmkm","Near Mint","English","foil","","2025-06-19 03:02:54.590000","189s","False","False","0.67"
"1","1","Bloodbraid Challenger","m3c","Near Mint","English","","","2025-06-19 03:02:54.590000","122","False","False","0.16"
"1","1","Bloodbraid Elf","ema","Near Mint","English","","","2025-06-19 03:02:54.590000","197","False","False","0.31"
"1","1","Bloodbraid Elf","2x2","Near Mint","English","","","2025-06-19 03:02:54.590000","184","False","False","0.08"
"1","1","Bloodbraid Elf","m3c","Near Mint","English","","","2025-06-19 03:02:54.590000","256","False","False","0.06"
"1","1","Bloodcrazed Neonate","isd","Near Mint","English","","","2025-06-11 07:35:59.377000","131","False","False","0.08"
"1","1","Bloodfeather Phoenix","pmom","Near Mint","English","","","2025-06-11 07:35:59.377000","132p","False","False","0.20"
"1","1","Bloodfire Dwarf","apc","Near Mint","English","","","2025-06-11 07:35:59.377000","56","False","False","0.26"
"1","1","Bloodflow Connoisseur","2x2","Near Mint","English","foil","","2025-06-11 02:05:46.097000","71","False","False","0.12"
"1","1","Bloodghast","dft","Near Mint","English","","","2025-06-28 04:22:19.293000","77","False","False","0.95"
"1","1","Bloodline Keeper // Lord of Lineage","v17","Near Mint","English","foil","","2025-06-28 04:22:39.710000","4","False","False","16.82"
"1","1","Bloodline Necromancer","c17","Near Mint","English","","","2025-06-11 02:05:46.097000","14","False","False","0.28"
"1","1","Bloodsoaked Champion","ktk","Near Mint","English","","","2025-06-11 02:05:46.097000","66","False","False","0.24"
"1","1","Bloodthirsty Blade","mkc","Near Mint","English","","","2025-06-19 03:02:54.590000","225","False","False","0.14"
"1","1","Bloodtithe Harvester","inr","Near Mint","English","foil","","2025-06-19 03:02:54.590000","233","False","False","0.11"
"1","1","Bloom Hulk","war","Near Mint","English","","","2025-06-14 09:15:28.340000","154","False","False","0.05"
"2","2","Boartusk Liege","2x2","Near Mint","English","","","2025-06-19 03:02:54.590000","186","False","False","0.47"
"2","2","Body Double","c17","Near Mint","English","","","2025-06-11 02:05:46.097000","83","False","False","0.22"
"1","1","Body Dropper","snc","Near Mint","English","","","2025-06-19 03:02:54.590000","168","False","False","0.03"
"1","1","Bogardan Hellkite","c14","Near Mint","English","","","2025-06-11 07:35:59.377000","173","False","False","0.27"
"1","1","Bogardan Hellkite","ima","Near Mint","English","","","2025-06-11 07:35:59.377000","118","False","False","0.36"
"1","1","Boltbender","mkc","Near Mint","English","","","2025-06-11 07:35:59.377000","340","False","False","0.19"
"1","1","Bomat Bazaar Barge","kld","Near Mint","English","","","2025-06-19 03:02:54.590000","198","False","False","0.10"
"1","1","Bomat Courier","kld","Near Mint","English","","","2025-06-19 03:02:54.590000","199","False","False","0.23"
"1","1","Bombadil's Song","ltr","Near Mint","English","","","2025-06-14 09:15:28.340000","154","False","False","0.07"
"1","1","Bond Beetle","m13","Near Mint","English","","","2025-06-14 09:15:28.340000","161","False","False","0.16"
"1","1","Bone Saw","brr","Near Mint","English","","","2025-06-19 03:02:54.590000","7","False","False","0.05"
"1","1","Bonehoard","c14","Near Mint","English","","","2025-06-19 03:02:54.590000","229","False","False","0.31"
"1","1","Bonesplitter","mma","Near Mint","English","","","2025-06-19 03:02:54.590000","202","False","False","0.17"
"1","1","Boneyard Parley","c19","Near Mint","English","","","2025-06-11 02:05:46.097000","107","False","False","0.19"
"1","1","Bonny Pall, Clearcutter","otj","Near Mint","English","","","2025-06-19 03:03:28.607000","349","False","False","2.53"
"1","1","Bontu's Monument","akh","Near Mint","English","","","2025-06-19 03:03:28.607000","225","False","False","3.65"
"1","1","Bontu's Monument","dmc","Near Mint","English","","","2025-06-19 03:03:28.607000","179","False","False","5.23"
"1","1","Boommobile","dft","Near Mint","English","","","2025-06-11 07:35:59.377000","310","False","False","0.25"
"1","1","Boon Satyr","ths","Near Mint","English","","","2025-06-14 09:15:28.340000","152","False","False","0.25"
"1","1","Bootleggers' Stash","blc","Near Mint","English","","","2025-06-14 09:15:28.340000","207","False","False","0.43"
"2","2","Borborygmos Enraged","gtc","Near Mint","English","","","2025-06-19 03:02:54.590000","147","False","False","0.31"
"1","1","Borborygmos Enraged","rvr","Near Mint","English","foil","","2025-06-19 03:02:54.590000","357","False","False","0.22"
"1","1","Boromir, Warden of the Tower","ltr","Near Mint","English","","","2025-06-11 02:06:23.177000","455","False","False","8.91"
"1","1","Boros Challenger","grn","Near Mint","English","","","2025-06-19 03:02:54.590000","156","False","False","0.06"
"1","1","Boros Reckoner","mkc","Near Mint","English","","","2025-06-19 03:02:54.590000","201","False","False","0.16"
"1","1","Boros Signet","mm3","Near Mint","English","","","2025-06-19 03:02:54.590000","217","False","False","0.62"
"1","1","Boros Signet","rvr","Near Mint","English","foil","","2025-06-19 03:02:54.590000","251","False","False","1.38"
"1","1","Bosh, Iron Golem","c18","Near Mint","English","","","2025-06-19 03:02:54.590000","198","False","False","0.15"
"1","1","Botanical Brawler","mom","Near Mint","English","","","2025-06-19 03:02:54.590000","384","False","False","0.34"
"1","1","Bottled Cloister","rvr","Near Mint","English","foil","","2025-06-19 03:02:54.590000","389","False","False","0.16"
"1","1","Bounty Board","otc","Near Mint","English","","","2025-06-19 03:02:54.590000","73","False","False","0.27"
"1","1","Brago, King Eternal","ema","Near Mint","English","","","2025-06-19 03:03:28.607000","198","False","False","2.23"
"1","1","Brago, King Eternal","cns","Near Mint","English","","","2025-06-19 03:03:28.607000","41","False","False","2.79"
"1","1","Braided Net // Braided Quipu","lci","Near Mint","English","","","2025-06-11 02:05:46.097000","47","False","False","0.11"
"1","1","Braids, Arisen Nightmare","dsc","Near Mint","English","","","2025-06-11 02:06:23.177000","133","False","False","3.91"
"2","2","Braids, Cabal Minion","mh2","Near Mint","English","","","2025-06-11 02:05:46.097000","273","False","False","0.61"
"1","1","Brainstealer Dragon","clb","Near Mint","English","","","2025-06-11 02:06:23.177000","621","False","False","4.61"
"1","1","Brainstorm","a25","Near Mint","English","","","2025-06-11 02:05:46.097000","46","False","False","1.31"
"1","1","Brainstorm","mkc","Near Mint","English","","","2025-06-11 02:06:23.177000","96","False","False","2.00"
"1","1","Brainstorm","cns","Near Mint","English","","","2025-06-11 02:06:23.177000","91","False","False","3.41"
"1","1","Brash Taunter","mkc","Near Mint","English","","","2025-06-11 07:35:59.377000","148","False","False","0.47"
"1","1","Break Out","mkm","Near Mint","English","","","2025-06-19 03:02:54.590000","190","False","False","0.12"
"1","1","Breath of Darigaaz","ddg","Near Mint","English","","","2025-06-11 07:35:59.377000","64","False","False","0.27"
"1","1","Breya, Etherium Shaper","c16","Near Mint","English","foil","","2025-06-19 03:02:54.590000","29","False","False","1.83"
"1","1","Bridgeworks Battle // Tanglespan Bridgeworks","mh3","Near Mint","English","","","2025-06-14 09:15:28.340000","249","False","False","0.78"
"1","1","Brightcap Badger // Fungus Frolic","blc","Near Mint","English","","","2025-06-14 09:15:28.340000","28","False","False","0.52"
"1","1","Brightcap Badger // Fungus Frolic","blc","Near Mint","English","","","2025-06-14 09:15:28.340000","62","False","False","1.49"
"1","1","Brightstone Ritual","ons","Near Mint","English","","","2025-06-11 07:35:38.343000","191","False","False","2.50"
"1","1","Brimaz, King of Oreskos","bng","Near Mint","English","","","2025-06-11 02:06:23.177000","5","False","False","8.73"
"2","2","Bring to Light","bfz","Near Mint","English","","","2025-06-19 03:02:54.590000","209","False","False","0.28"
"1","1","Bring to Light","2x2","Near Mint","English","","","2025-06-19 03:02:54.590000","188","False","False","0.48"
"1","1","Bringer of the Last Gift","lci","Near Mint","English","foil","","2025-06-11 02:05:46.097000","337","False","False","0.65"
"1","1","Brokers Charm","snc","Near Mint","English","","","2025-06-19 03:02:54.590000","298","False","False","0.07"
"1","1","Brood Butcher","bfz","Near Mint","English","","","2025-06-19 03:02:54.590000","199","False","False","0.22"
"1","1","Broodmate Dragon","mm3","Near Mint","English","","","2025-06-19 03:02:54.590000","153","False","False","0.39"
"1","1","Broodmate Tyrant","m3c","Near Mint","English","","","2025-06-19 03:02:54.590000","123","False","False","0.11"
"1","1","Brotherhood's End","pbro","Near Mint","English","","","2025-06-11 07:35:59.377000","128p","False","False","1.93"
"1","1","Brudiclad, Telchor Engineer","c18","Near Mint","English","foil","","2025-06-19 03:02:54.590000","39","False","False","0.42"
"1","1","Bruse Tarl, Roving Rancher","otj","Near Mint","English","foil","","2025-06-19 03:02:54.590000","350","False","False","0.25"
"1","1","Bruse Tarl, Roving Rancher","otj","Near Mint","English","","","2025-06-19 03:02:54.590000","198","False","False","0.12"
"1","1","Brushfire Elemental","znr","Near Mint","English","foil","","2025-06-19 03:02:54.590000","311","False","False","0.14"
"1","1","Brushfire Elemental","znr","Near Mint","English","","","2025-06-19 03:02:54.590000","311","False","False","0.05"
"1","1","Brutal Hordechief","c16","Near Mint","English","","","2025-06-19 03:03:28.607000","108","False","False","2.68"
"1","1","Brute Force","mm2","Near Mint","English","","","2025-06-11 07:35:59.377000","108","False","False","0.19"
"1","1","Bubble Smuggler","mkm","Near Mint","English","","","2025-06-11 02:05:46.097000","41","False","False","0.03"
"1","1","Bubble Snare","znr","Near Mint","English","foil","","2025-06-11 02:05:46.097000","47","False","False","0.09"
"1","1","Bubbling Muck","uds","Near Mint","English","","","2025-06-11 02:06:23.177000","54","False","False","3.49"
"1","1","Bump in the Night","isd","Near Mint","English","","","2025-06-19 03:02:54.590000","92","False","False","0.25"
"1","1","Burakos, Party Leader","clb","Near Mint","English","foil","","2025-06-19 03:02:54.590000","653","False","False","0.43"
"2","2","Buried in the Garden","otp","Near Mint","English","","","2025-06-19 03:02:54.590000","38","False","False","0.06"
"1","1","Burn at the Stake","avr","Near Mint","English","","","2025-06-11 07:35:59.377000","130","False","False","0.77"
"1","1","Burner Rocket","dft","Near Mint","English","foil","","2025-06-11 07:35:59.377000","311","False","False","0.08"
"1","1","Burning-Tree Emissary","mm3","Near Mint","English","foil","","2025-06-19 03:02:54.590000","207","False","False","0.29"
"2","2","Burning-Tree Emissary","2x2","Near Mint","English","foil","","2025-06-19 03:02:54.590000","374","False","False","0.21"
"1","1","Burnished Hart","clb","Near Mint","English","foil","","2025-06-19 03:02:54.590000","303","False","False","0.15"
"2","2","Burnished Hart","m3c","Near Mint","English","","","2025-06-19 03:02:54.590000","284","False","False","0.09"
"1","1","Burnt Offering","ice","Near Mint","English","","","2025-06-28 08:24:14.243000","116","False","False","0.77"
"1","1","Burrenton Forge-Tender","ima","Near Mint","English","","","2025-06-11 02:05:46.097000","14","False","False","0.27"
"1","1","Burst of Strength","gtc","Near Mint","English","","","2025-06-14 09:15:28.340000","115","False","False","0.11"
"1","1","Bushwhack","bro","Near Mint","English","","","2025-06-14 09:15:28.340000","174","False","False","0.13"
"1","1","Butcher of Malakir","clb","Near Mint","English","","","2025-06-11 02:05:46.097000","741","False","False","0.40"
"1","1","Butcher of the Horde","ktk","Near Mint","English","","","2025-06-19 03:02:54.590000","168","False","False","0.19"
"1","1","Butterbur, Bree Innkeeper","ltr","Near Mint","English","","","2025-06-19 03:02:54.590000","197","False","False","0.05"
"1","1","Butterbur, Bree Innkeeper","ltr","Near Mint","English","foil","","2025-06-19 03:02:54.590000","648","False","False","0.17"
"1","1","Bygone Bishop","clb","Near Mint","English","","","2025-06-11 02:05:46.097000","689","False","False","0.15"
"1","1","Cabal Therapy","ema","Near Mint","English","","","2025-06-11 02:05:46.097000","83","False","False","0.85"
"1","1","Cackling Counterpart","j25","Near Mint","English","","","2025-06-11 02:05:46.097000","293","False","False","0.22"
"1","1","Cadira, Caller of the Small","clb","Near Mint","English","foil","","2025-06-19 03:02:54.590000","417","False","False","0.20"
"1","1","Cadric, Soul Kindler","dmc","Near Mint","English","","","2025-06-19 03:03:28.607000","10","False","False","5.24"
"1","1","Caduceus, Staff of Hermes","acr","Near Mint","English","","","2025-06-11 02:06:23.177000","155","False","False","4.75"
"1","1","Caduceus, Staff of Hermes","acr","Near Mint","English","etched","","2025-06-11 02:06:23.177000","173","False","False","7.01"
"1","1","Caged Sun","c14","Near Mint","English","","","2025-06-19 03:03:28.607000","233","False","False","3.91"
"1","1","Calamity, Galloping Inferno","otj","Near Mint","English","foil","","2025-06-11 07:35:59.377000","330","False","False","1.09"
"1","1","Call to Glory","chk","Near Mint","English","","","2025-06-11 02:05:46.097000","4","False","False","0.19"
"1","1","Camellia, the Seedmiser","blb","Near Mint","English","","","2025-06-19 03:03:28.607000","328","False","False","2.04"
"1","1","Camellia, the Seedmiser","blb","Near Mint","English","","","2025-06-19 03:02:54.590000","207","False","False","0.65"
"1","1","Campus Renovation","mat","Near Mint","English","","","2025-06-19 03:02:54.590000","77","False","False","0.19"
"1","1","Caparocti Sunborn","lci","Near Mint","English","","","2025-06-19 03:02:54.590000","302","False","False","0.05"
"1","1","Captain Lannery Storm","dmc","Near Mint","English","","","2025-06-11 07:35:59.377000","120","False","False","0.15"
"1","1","Captain Storm, Cosmium Raider","lci","Near Mint","English","","","2025-06-19 03:02:54.590000","227","False","False","0.10"
"1","1","Captain's Claws","ogw","Near Mint","English","","","2025-06-19 03:02:54.590000","162","False","False","0.33"
"1","1","Caradora, Heart of Alacria","dft","Near Mint","English","","","2025-06-19 03:02:54.590000","362","False","False","0.17"
"1","1","Caravan Vigil","isd","Near Mint","English","","","2025-06-14 09:15:28.340000","173","False","False","0.09"
"1","1","Carnelian Orb of Dragonkind","clb","Near Mint","English","","","2025-06-11 07:35:59.377000","166","False","False","0.31"
"2","2","Cartel Aristocrat","2x2","Near Mint","English","foil","","2025-06-19 03:02:54.590000","191","False","False","0.07"
"1","1","Cartel Aristocrat","2x2","Near Mint","English","","","2025-06-19 03:02:54.590000","191","False","False","0.04"
"1","1","Cartographer's Companion","lci","Near Mint","English","","","2025-06-19 03:02:54.590000","248","False","False","0.03"
"1","1","Carven Caryatid","ima","Near Mint","English","","","2025-06-14 09:15:28.340000","156","False","False","0.25"
"1","1","Case of the Shifting Visage","mkc","Near Mint","English","","","2025-06-11 02:05:46.097000","19","False","False","0.12"
"1","1","Case of the Trampled Garden","mkm","Near Mint","English","foil","","2025-06-14 09:15:28.340000","156","False","False","0.10"
"1","1","Case of the Uneaten Feast","mkm","Near Mint","English","","","2025-06-11 02:05:46.097000","10","False","False","0.26"
"1","1","Cast into the Fire","ltr","Near Mint","English","","","2025-06-11 07:35:59.377000","118","False","False","0.29"
"1","1","Cataclysmic Gearhulk","kld","Near Mint","English","","","2025-06-11 02:05:46.097000","9","False","False","0.36"
"1","1","Cataclysmic Prospecting","otc","Near Mint","English","","","2025-06-11 07:35:59.377000","60","False","False","0.10"
"1","1","Catalyst Stone","ody","Near Mint","English","","","2025-06-19 03:03:28.607000","297","False","False","2.94"
"1","1","Cathartic Reunion","kld","Near Mint","English","","","2025-06-11 07:35:59.377000","109","False","False","0.16"
"1","1","Cathodion","mm2","Near Mint","English","foil","","2025-06-19 03:02:54.590000","203","False","False","0.24"
"1","1","Cauldron Dance","c17","Near Mint","English","","","2025-06-19 03:02:54.590000","166","False","False","0.38"
"1","1","Cavalier of Thorns","m20","Near Mint","English","","","2025-06-14 09:15:28.340000","167","False","False","0.89"
"1","1","Cayth, Famed Mechanist","m3c","Near Mint","English","foil","","2025-06-19 03:02:54.590000","6","False","False","0.22"
"1","1","Celestial Crusader","c14","Near Mint","English","","","2025-06-11 02:05:46.097000","68","False","False","0.15"
"1","1","Cemetery Prowler","vow","Near Mint","English","","","2025-06-19 03:00:34.663000","191","False","False","4.08"
"1","1","Cerebral Confiscation","mkm","Near Mint","English","foil","","2025-06-11 02:05:46.097000","81","False","False","0.04"
"1","1","Ceremonious Rejection","kld","Near Mint","English","","","2025-06-11 02:05:46.097000","40","False","False","0.09"
"1","1","Chain Lightning","dmr","Near Mint","English","foil","","2025-06-11 07:35:59.377000","113","False","False","0.27"
"1","1","Chain Lightning","dmr","Near Mint","English","","","2025-06-11 07:35:59.377000","316","False","False","0.26"
"1","1","Chainer, Dementia Master","cmm","Near Mint","English","foil","","2025-06-11 02:05:46.097000","144","False","False","0.32"
"1","1","Champion of Lambholt","avr","Near Mint","English","","","2025-06-14 09:15:28.340000","171","False","False","1.30"
"1","1","Champion of Stray Souls","c19","Near Mint","English","","","2025-06-11 02:05:46.097000","109","False","False","0.23"
"1","1","Chandra, Fire Artisan","war","Near Mint","English","","","2025-06-11 07:35:59.377000","119","False","False","0.30"
"1","1","Chandra, Fire of Kaladesh // Chandra, Roaring Flame","v17","Near Mint","English","foil","","2025-06-11 07:35:38.343000","6","False","False","3.37"
"1","1","Chandra, Flameshaper","fdn","Near Mint","English","","","2025-06-11 07:35:59.377000","81","False","False","1.49"
"2","2","Changeling Berserker","lrw","Near Mint","English","","","2025-06-11 07:35:59.377000","160","False","False","0.69"
"1","1","Channeled Dragonfire","tdm","Near Mint","English","foil","","2025-06-11 07:35:59.377000","423","False","False","0.52"
"1","1","Chant of Vitu-Ghazi","moc","Near Mint","English","","","2025-06-11 02:05:46.097000","177","False","False","0.10"
"1","1","Chaos Warp","c19","Near Mint","English","","","2025-06-11 07:35:59.377000","136","False","False","1.09"
"1","1","Chaos Warp","c18","Near Mint","English","","","2025-06-11 07:35:59.377000","122","False","False","0.85"
"1","1","Chaos Warp","c17","Near Mint","English","","","2025-06-11 07:35:59.377000","131","False","False","0.60"
"1","1","Chaos Warp","sta","Near Mint","English","","","2025-06-11 07:35:38.343000","36","False","False","3.54"
"1","1","Chaos Warp","blc","Near Mint","English","","","2025-06-11 07:35:59.377000","115","False","False","0.49"
"2","2","Chaotic Transformation","dmu","Near Mint","English","","","2025-06-11 07:35:59.377000","117","False","False","0.12"
"1","1","Charcoal Diamond","clb","Near Mint","English","","","2025-06-19 03:02:54.590000","442","False","False","0.17"
"1","1","Charcoal Diamond","mir","Near Mint","English","","","2025-06-19 03:02:54.590000","296","False","False","1.26"
"1","1","Charix, the Raging Isle","znr","Near Mint","English","foil","","2025-06-11 02:05:46.097000","325","False","False","1.35"
"1","1","Charnel Serenade","mkc","Near Mint","English","","","2025-06-11 02:05:46.097000","26","False","False","0.13"
"1","1","Charred Graverobber","otc","Near Mint","English","","","2025-06-11 02:05:46.097000","55","False","False","0.16"
"1","1","Chart a Course","lci","Near Mint","English","foil","","2025-06-11 02:05:46.097000","48","False","False","0.23"
"1","1","Chasm Skulker","moc","Near Mint","English","","","2025-06-11 02:05:46.097000","218","False","False","1.04"
"1","1","Chef's Kiss","mh2","Near Mint","English","","","2025-06-11 07:35:59.377000","120","False","False","0.26"
"1","1","Chief of the Foundry","c18","Near Mint","English","","","2025-06-19 03:02:54.590000","199","False","False","0.14"
"1","1","Chief of the Scale","ktk","Near Mint","English","","","2025-06-19 03:02:54.590000","170","False","False","0.05"
"1","1","Child of Alara","con","Near Mint","English","","","2025-06-19 03:02:54.590000","101","False","False","1.43"
"1","1","Chimeric Mass","mm2","Near Mint","English","","","2025-06-19 03:02:54.590000","204","False","False","0.19"
"1","1","Chishiro, the Shattered Blade","nec","Near Mint","English","","","2025-06-19 03:02:54.590000","1","False","False","0.63"
"1","1","Chitterspitter","mh2","Near Mint","English","","","2025-06-14 09:15:28.340000","153","False","False","0.20"
"1","1","Chosen by Heliod","ths","Near Mint","English","","","2025-06-11 02:05:46.097000","5","False","False","0.10"
"1","1","Chromatic Lantern","drc","Near Mint","English","","","2025-06-19 03:03:28.607000","53","False","False","2.04"
"1","1","Chrome Courier","mh2","Near Mint","English","","","2025-06-19 03:02:54.590000","190","False","False","0.05"
"1","1","Chromium, the Mutable","m19","Near Mint","English","","","2025-06-19 03:02:54.590000","214","False","False","0.59"
"1","1","Chronomaton","m13","Near Mint","English","","","2025-06-19 03:02:54.590000","201","False","False","0.09"
"1","1","Circle of Dreams Druid","afr","Near Mint","English","","","2025-06-19 03:00:34.663000","176","False","False","6.94"
"1","1","Cirith Ungol Patrol","ltr","Near Mint","English","","","2025-06-11 02:05:46.097000","80","False","False","0.04"
"1","1","City of Death","who","Near Mint","English","","","2025-06-14 09:15:28.340000","99","False","False","1.48"
"1","1","Civic Saber","2x2","Near Mint","English","foil","","2025-06-19 03:02:54.590000","300","False","False","0.04"
"1","1","Claim Jumper","otj","Near Mint","English","foil","","2025-06-11 02:05:46.097000","8","False","False","0.91"
"1","1","Claim Jumper","otj","Near Mint","English","","","2025-06-11 02:06:23.177000","310","False","False","2.27"
"1","1","Claim the Precious","ltr","Near Mint","English","","","2025-06-11 02:05:46.097000","81","False","False","0.10"
"1","1","Clan Crafter","clb","Near Mint","English","","","2025-06-11 02:05:46.097000","614","False","False","0.94"
"1","1","Clan Defiance","c16","Near Mint","English","","","2025-06-19 03:02:54.590000","187","False","False","0.24"
"1","1","Clarion Conqueror","tdm","Near Mint","English","foil","","2025-06-11 02:06:23.177000","377","False","False","3.21"
"1","1","Cleansing Wildfire","znr","Near Mint","English","foil","","2025-06-11 07:35:59.377000","137","False","False","0.42"
"1","1","Cleon, Merry Champion","j25","Near Mint","English","","","2025-06-11 07:35:59.377000","47","False","False","0.13"
"1","1","Cleric of Life's Bond","znr","Near Mint","English","foil","","2025-06-19 03:02:54.590000","222","False","False","0.23"
"1","1","Cliffhaven Kitesail","znr","Near Mint","English","foil","","2025-06-19 03:02:54.590000","243","False","False","0.27"
"1","1","Clifftop Lookout","blb","Near Mint","English","foil","","2025-06-14 09:15:28.340000","168","False","False","0.37"
"1","1","Clone Legion","dtk","Near Mint","English","","","2025-06-11 02:05:46.097000","48","False","False","1.39"
"1","1","Clone Legion","c17","Near Mint","English","","","2025-06-11 02:05:46.097000","84","False","False","1.09"
"1","1","Clone Shell","2xm","Near Mint","English","","","2025-06-19 03:02:54.590000","241","False","False","0.13"
"1","1","Cloud of Faeries","ulg","Near Mint","English","","","2025-06-11 02:05:46.097000","29","False","False","0.82"
"1","1","Cloud of Faeries","dmr","Near Mint","English","foil","","2025-06-19 03:05:17.180000","43","False","False","0.38"
"1","1","Cloud of Faeries","moc","Near Mint","English","","","2025-06-11 02:05:46.097000","219","False","False","0.18"
"1","1","Cloud of Faeries","dmr","Near Mint","English","foil","","2025-06-11 02:05:46.097000","43","False","False","0.36"
"1","1","Cloudblazer","kld","Near Mint","English","","","2025-06-19 03:02:54.590000","176","False","False","0.22"
"1","1","Cloudfin Raptor","rvr","Near Mint","English","foil","","2025-06-11 02:05:46.097000","310","False","False","0.13"
"1","1","Cloudkill","clb","Near Mint","English","foil","","2025-06-11 02:05:46.097000","121","False","False","0.07"
"1","1","Cloudstone Curio","rvr","Near Mint","English","","","2025-06-19 03:03:28.607000","255","False","False","12.73"
"1","1","Coat with Venom","dtk","Near Mint","English","foil","","2025-06-11 02:05:46.097000","91","False","False","0.69"
"1","1","Coerced to Kill","mkm","Near Mint","English","foil","","2025-06-19 03:02:54.590000","192","False","False","0.08"
"1","1","Coiling Oracle","2x2","Near Mint","English","foil","","2025-06-19 03:02:54.590000","375","False","False","0.18"
"1","1","Coiling Oracle","rvr","Near Mint","English","","","2025-06-19 03:02:54.590000","361","False","False","0.14"
"1","1","Coiling Oracle","2x2","Near Mint","English","foil","","2025-06-19 03:02:54.590000","194","False","False","0.15"
"2","2","Coiling Oracle","2x2","Near Mint","English","","","2025-06-19 03:02:54.590000","375","False","False","0.16"
"1","1","Coiling Oracle","ddo","Near Mint","English","","","2025-06-19 03:02:54.590000","51","False","False","0.12"
"1","1","Cold-Eyed Selkie","c15","Near Mint","English","","","2025-06-19 03:02:54.590000","241","False","False","0.32"
"1","1","Cold-Eyed Selkie","mma","Near Mint","English","","","2025-06-19 03:02:54.590000","186","False","False","0.30"
"1","1","Coldsteel Heart","2x2","Near Mint","English","","","2025-06-19 03:02:54.590000","301","False","False","1.30"
"1","1","Colfenor, the Last Yew","cmr","Near Mint","English","","","2025-06-19 03:02:54.590000","274","False","False","0.34"
"3","3","Collected Company","dtk","Near Mint","English","","","2025-06-19 03:00:34.663000","177","False","False","2.91"
"1","1","Collective Brutality","emn","Near Mint","English","","","2025-06-11 02:05:46.097000","85","False","False","0.38"
"1","1","Collector's Vault","woe","Near Mint","English","foil","","2025-06-19 03:02:54.590000","244","False","False","0.24"
"1","1","Colossal Grave-Reaver","tdc","Near Mint","English","","","2025-06-19 03:03:28.607000","90","False","False","8.58"
"1","1","Colossal Growth","dmu","Near Mint","English","","","2025-06-19 03:02:54.590000","158","False","False","0.07"
"1","1","Colossal Rattlewurm","potj","Near Mint","English","","","2025-06-14 09:15:28.340000","159p","False","False","0.34"
"2","2","Colossal Skyturtle","neo","Near Mint","English","","","2025-06-19 03:02:54.590000","216","False","False","0.26"
"1","1","Combust","mm2","Near Mint","English","foil","","2025-06-11 07:35:59.377000","110","False","False","0.14"
"1","1","Combustible Gearhulk","kld","Near Mint","English","","","2025-06-11 07:35:59.377000","112","False","False","0.68"
"1","1","Combustible Gearhulk","dsc","Near Mint","English","","","2025-06-11 07:35:59.377000","163","False","False","0.24"
"1","1","Comeuppance","c14","Near Mint","English","","","2025-06-11 02:05:46.097000","4","False","False","1.30"
"1","1","Comeuppance","mkc","Near Mint","English","","","2025-06-11 02:05:46.097000","58","False","False","0.48"
"1","1","Command Tower","drc","Near Mint","English","","","2025-06-28 04:22:19.293000","60","False","False","0.25"
"1","1","Commandeer","otp","Near Mint","English","","","2025-06-19 03:05:17.180000","9","False","False","0.59"
"1","1","Commander's Sphere","c18","Near Mint","English","","","2025-06-19 03:02:54.590000","200","False","False","0.17"
"1","1","Commander's Sphere","c17","Near Mint","English","","","2025-06-19 03:02:54.590000","206","False","False","0.15"
"1","1","Commander's Sphere","dmc","Near Mint","English","","","2025-06-19 03:02:54.590000","181","False","False","0.14"
"1","1","Commander's Sphere","moc","Near Mint","English","","","2025-06-19 03:02:54.590000","352","False","False","0.20"
"1","1","Commune with Nature","woe","Near Mint","English","","","2025-06-14 09:15:28.340000","166","False","False","0.04"
"1","1","Commune with Spirits","neo","Near Mint","English","foil","","2025-06-14 09:15:28.340000","180","False","False","0.16"
"1","1","Compelling Argument","akh","Near Mint","English","","","2025-06-11 02:05:46.097000","47","False","False","0.06"
"1","1","Compulsion","wot","Near Mint","English","","","2025-06-11 02:05:46.097000","15","False","False","0.07"
"1","1","Compulsive Research","rvr","Near Mint","English","foil","","2025-06-11 02:05:46.097000","311","False","False","0.17"
"1","1","Compulsive Research","sta","Near Mint","English","foil","","2025-06-11 02:05:46.097000","14","False","False","0.27"
"1","1","Concealed Weapon","mkm","Near Mint","English","","","2025-06-11 07:35:59.377000","117","False","False","0.05"
"1","1","Conclave Mentor","2x2","Near Mint","English","","","2025-06-19 03:02:54.590000","195","False","False","0.27"
"1","1","Conclave Tribunal","moc","Near Mint","English","","","2025-06-11 02:05:46.097000","178","False","False","0.06"
"1","1","Condemn","c14","Near Mint","English","","","2025-06-11 02:05:46.097000","69","False","False","0.13"
"1","1","Conduit of Ruin","bfz","Near Mint","English","foil","","2025-06-19 03:03:28.607000","4","False","False","19.42"
"1","1","Confiscation Coup","kld","Near Mint","English","","","2025-06-11 02:05:46.097000","41","False","False","0.21"
"1","1","Confiscation Coup","m3c","Near Mint","English","","","2025-06-11 02:05:46.097000","178","False","False","0.07"
"1","1","Conflagrate","tsr","Near Mint","English","","","2025-06-11 07:35:59.377000","160","False","False","0.07"
"1","1","Conflux","v16","Near Mint","English","foil","","2025-06-19 03:03:28.607000","3","False","False","2.58"
"1","1","Conjurer's Bauble","5dn","Near Mint","English","","","2025-06-19 03:02:54.590000","112","False","False","0.54"
"1","1","Conjurer's Closet","inr","Near Mint","English","","","2025-06-19 03:03:28.607000","441","False","False","2.50"
"1","1","Conjurer's Closet","drc","Near Mint","English","","","2025-06-28 04:22:39.710000","126","False","False","2.43"
"1","1","Connecting the Dots","mkm","Near Mint","English","","","2025-06-11 07:35:59.377000","403","False","False","0.27"
"1","1","Connive // Concoct","mkc","Near Mint","English","","","2025-06-19 03:02:54.590000","203","False","False","0.08"
"1","1","Conspiracy","acr","Near Mint","English","foil","","2025-06-28 08:24:14.243000","162","False","False","0.41"
"1","1","Conspiracy","acr","Near Mint","English","etched","","2025-06-11 02:05:46.097000","200","False","False","0.55"
"1","1","Conspiracy Theorist","stx","Near Mint","English","","","2025-06-11 07:35:59.377000","94","False","False","0.36"
"1","1","Consuming Aberration","gtc","Near Mint","English","","","2025-06-19 03:02:54.590000","152","False","False","0.31"
"1","1","Containment Priest","c14","Near Mint","English","","","2025-06-11 02:05:46.097000","5","False","False","0.50"
"1","1","Contraband Kingpin","kld","Near Mint","English","","","2025-06-19 03:02:54.590000","177","False","False","0.07"
"1","1","Control Magic","4ed","Near Mint","English","","","2025-06-11 02:05:46.097000","64","False","False","1.58"
"1","1","Convenient Target","mkm","Near Mint","English","foil","","2025-06-11 07:35:59.377000","119","False","False","0.09"
"1","1","Copper Myr","som","Near Mint","English","","","2025-06-14 09:15:28.340000","146","False","False","0.17"
"1","1","Coppercoat Vanguard","mat","Near Mint","English","etched","","2025-06-11 02:05:46.097000","101","False","False","0.23"
"1","1","Copperhorn Scout","som","Near Mint","English","","","2025-06-14 09:15:28.340000","116","False","False","0.21"
"1","1","Copy Catchers","mkc","Near Mint","English","","","2025-06-11 02:05:46.097000","20","False","False","0.08"
"1","1","Coram, the Undertaker","m3c","Near Mint","English","foil","","2025-06-19 03:02:54.590000","7","False","False","0.16"
"1","1","Coretapper","2xm","Near Mint","English","foil","","2025-06-19 03:02:54.590000","244","False","False","0.24"
"1","1","Corpse Augur","c17","Near Mint","English","","","2025-06-11 02:05:46.097000","106","False","False","0.13"
"1","1","Corpse Augur","clb","Near Mint","English","","","2025-06-11 02:05:46.097000","744","False","False","0.05"
"1","1","Corrupted Conviction","mom","Near Mint","English","","","2025-06-11 02:05:46.097000","98","False","False","0.69"
"1","1","Corrupted Grafstone","soi","Near Mint","English","foil","","2025-06-19 03:02:54.590000","253","False","False","0.57"
"1","1","Cosmic Rebirth","mat","Near Mint","English","","","2025-06-19 03:02:54.590000","28","False","False","0.11"
"1","1","Cosmium Confluence","lci","Near Mint","English","","","2025-06-14 09:15:28.340000","181","False","False","0.10"
"1","1","Counterflux","rtr","Near Mint","English","","","2025-06-19 03:02:54.590000","153","False","False","0.42"
"1","1","Counterpoint","mkc","Near Mint","English","","","2025-06-19 03:02:54.590000","41","False","False","0.13"
"1","1","Counterspell","a25","Near Mint","English","","","2025-06-19 03:05:17.180000","50","False","False","1.92"
"1","1","Counterspell","dmr","Near Mint","English","","","2025-06-19 03:05:01.397000","45","False","False","2.17"
"1","1","Counterspell","pf24","Near Mint","English","","","2025-06-28 04:22:39.710000","1","False","False","5.58"
"1","1","Counterspell","3ed","Near Mint","English","","","2025-06-11 02:06:23.177000","54","False","False","4.53"
"1","1","Counterspell","4ed","Near Mint","English","","","2025-06-19 03:05:01.397000","65","False","False","2.18"
"1","1","Counterspell","ema","Near Mint","English","","","2025-06-19 03:05:17.180000","43","False","False","1.95"
"2","2","Courser of Kruphix","bng","Near Mint","English","","","2025-06-14 09:15:28.340000","119","False","False","1.03"
"1","1","Courser of Kruphix","j22","Near Mint","English","","","2025-06-14 09:15:28.340000","641","False","False","1.59"
"1","1","Covenant of Minds","cn2","Near Mint","English","","","2025-06-11 02:05:46.097000","105","False","False","0.20"
"1","1","Covert Technician","neo","Near Mint","English","","","2025-06-11 02:05:46.097000","332","False","False","0.12"
"1","1","Coveted Prize","znr","Near Mint","English","foil","","2025-06-11 02:05:46.097000","337","False","False","0.54"
"1","1","Crabomination","mh3","Near Mint","English","foil","","2025-06-11 02:05:46.097000","452","False","False","0.43"
"1","1","Crackle with Power","stx","Near Mint","English","","","2025-06-11 07:35:38.343000","95","False","False","4.33"
"1","1","Crackling Doom","ktk","Near Mint","English","","","2025-06-19 03:02:54.590000","171","False","False","0.45"
"1","1","Crackling Drake","rvr","Near Mint","English","","","2025-06-19 03:02:54.590000","362","False","False","0.15"
"1","1","Cragplate Baloth","znr","Near Mint","English","foil","","2025-06-14 09:15:28.340000","359","False","False","0.29"
"1","1","Cranial Plating","2xm","Near Mint","English","","","2025-06-19 03:02:54.590000","245","False","False","0.33"
"1","1","Cranial Ram","mh3","Near Mint","English","foil","","2025-06-19 03:02:54.590000","180","False","False","0.09"
"1","1","Crash Through","m21","Near Mint","English","","","2025-06-11 07:35:59.377000","140","False","False","0.11"
"2","2","Crashing Drawbridge","eld","Near Mint","English","","","2025-06-19 03:02:54.590000","217","False","False","0.25"
"1","1","Crawlspace","dmr","Near Mint","English","","","2025-06-19 03:03:28.607000","375","False","False","4.90"
"1","1","Creakwood Liege","mm2","Near Mint","English","","","2025-06-19 03:02:54.590000","191","False","False","1.17"
"1","1","Creeping Bloodsucker","j25","Near Mint","English","","","2025-06-11 02:06:23.177000","415","False","False","3.86"
"1","1","Creeping Chill","grn","Near Mint","English","","","2025-06-11 02:05:46.097000","66","False","False","0.24"
"1","1","Crib Swap","clb","Near Mint","English","","","2025-06-11 02:05:46.097000","690","False","False","0.24"
"1","1","Crop Rotation","dmr","Near Mint","English","foil","","2025-06-19 03:00:34.663000","154","False","False","3.47"
"1","1","Crosis's Charm","c17","Near Mint","English","","","2025-06-19 03:02:54.590000","169","False","False","0.44"
"1","1","Crossway Vampire","isd","Near Mint","English","","","2025-06-11 07:35:59.377000","135","False","False","0.09"
"1","1","Crown of Awe","ons","Near Mint","English","","","2025-06-11 02:05:46.097000","16","False","False","0.11"
"2","2","Crucible of Fire","ima","Near Mint","English","","","2025-06-11 07:35:59.377000","122","False","False","1.53"
"1","1","Cruel Somnophage // Can't Wake Up","woe","Near Mint","English","","","2025-06-19 03:02:54.590000","286","False","False","0.25"
"1","1","Cruel Ultimatum","mm3","Near Mint","English","","","2025-06-19 03:02:54.590000","158","False","False","0.45"
"1","1","Crux of Fate","frf","Near Mint","English","","","2025-06-11 02:06:23.177000","65","False","False","4.08"
"1","1","Crypsis","bng","Near Mint","English","","","2025-06-19 03:05:17.180000","34","False","False","0.03"
"1","1","Crypt Angel","inv","Near Mint","English","","","2025-06-11 02:05:46.097000","97","False","False","1.10"
"1","1","Cryptex","mkm","Near Mint","English","","","2025-06-19 03:02:54.590000","422","False","False","0.06"
"1","1","Cryptic Command","mm2","Near Mint","English","","","2025-06-11 02:06:23.177000","43","False","False","6.59"
"2","2","Cryptic Gateway","dmr","Near Mint","English","","","2025-06-19 03:02:54.590000","376","False","False","0.34"
"1","1","Cryptic Serpent","akh","Near Mint","English","","","2025-06-11 02:05:46.097000","48","False","False","0.22"
"1","1","Crystalline Resonance","c20","Near Mint","English","","","2025-06-11 02:05:46.097000","31","False","False","0.11"
"1","1","Cult of Skaro","who","Near Mint","English","","","2025-06-19 03:02:54.590000","404","False","False","0.34"
"1","1","Cultivate","sta","Near Mint","English","","","2025-06-14 09:15:28.340000","51","False","False","0.75"
"1","1","Cultivate","ncc","Near Mint","English","","","2025-06-19 03:00:34.663000","285","False","False","2.61"
"1","1","Cultivate","blc","Near Mint","English","","","2025-06-14 09:15:28.340000","212","False","False","0.54"
"1","1","Cultivator's Caravan","kld","Near Mint","English","","","2025-06-19 03:02:54.590000","203","False","False","0.19"
"1","1","Cultivator's Caravan","moc","Near Mint","English","","","2025-06-19 03:02:54.590000","354","False","False","0.18"
"1","1","Culvert Ambusher","mkm","Near Mint","English","foil","","2025-06-14 09:15:28.340000","351","False","False","0.06"
"1","1","Curator of Mysteries","akh","Near Mint","English","","","2025-06-11 02:05:46.097000","49","False","False","0.21"
"1","1","Curator of Sun's Creation","lci","Near Mint","English","","","2025-06-11 07:35:59.377000","141","False","False","0.08"
"1","1","Curiosity","a25","Near Mint","English","","","2025-06-11 02:05:46.097000","52","False","False","0.32"
"1","1","Curious Cadaver","mkm","Near Mint","English","foil","","2025-06-19 03:02:54.590000","358","False","False","0.10"
"1","1","Curse of Disturbance","c17","Near Mint","English","","","2025-06-11 02:06:23.177000","16","False","False","4.25"
"1","1","Curse of Fool's Wisdom","c19","Near Mint","English","","","2025-06-11 02:06:23.177000","16","False","False","4.13"
"1","1","Curse of Hospitality","vow","Near Mint","English","foil","","2025-06-11 07:35:59.377000","377","False","False","0.50"
"1","1","Curse of Opulence","c17","Near Mint","English","","","2025-06-11 07:35:59.377000","24","False","False","1.37"
"1","1","Curse of Opulence","mkc","Near Mint","English","","","2025-06-11 07:35:59.377000","150","False","False","0.49"
"2","2","Curse of the Swine","ths","Near Mint","English","","","2025-06-11 02:05:46.097000","46","False","False","0.27"
"1","1","Curse of Vengeance","c16","Near Mint","English","","","2025-06-11 02:06:23.177000","12","False","False","5.90"
"1","1","Cut // Ribbons","akh","Near Mint","English","","","2025-06-19 03:02:54.590000","223","False","False","0.38"
"1","1","Cut Down","dmu","Near Mint","English","","","2025-06-11 02:05:46.097000","89","False","False","1.67"
"1","1","Cut Short","mom","Near Mint","English","","","2025-06-11 02:05:46.097000","10","False","False","0.03"
"1","1","Daemogoth Titan","stx","Near Mint","English","","","2025-06-19 03:02:54.590000","174","False","False","0.55"
"1","1","Damnable Pact","dtk","Near Mint","English","","","2025-06-11 02:05:46.097000","93","False","False","0.35"
"1","1","Damping Sphere","dmr","Near Mint","English","","","2025-06-19 03:02:54.590000","377","False","False","1.35"
"1","1","Dance of the Tumbleweeds","otj","Near Mint","English","","","2025-06-14 09:15:28.340000","160","False","False","0.02"
"1","1","Dancing Sword","afr","Near Mint","English","","","2025-06-11 02:05:46.097000","360","False","False","0.17"
"1","1","Daretti, Scrap Savant","c16","Near Mint","English","","","2025-06-11 07:35:59.377000","123","False","False","0.75"
"1","1","Dargo, the Shipwrecker","cmr","Near Mint","English","etched","","2025-06-11 07:35:59.377000","572","False","False","0.67"
"1","1","Darien, King of Kjeldor","mkc","Near Mint","English","","","2025-06-11 02:05:46.097000","59","False","False","0.22"
"1","1","Daring Discovery","lci","Near Mint","English","foil","","2025-06-11 07:35:59.377000","142","False","False","0.03"
"1","1","Dark Ritual","3ed","Near Mint","English","","","2025-06-28 04:22:39.710000","99","False","False","2.66"
"1","1","Dark Ritual","2ed","Near Mint","English","","","2025-06-11 02:06:23.177000","99","False","False","13.42"
"1","1","Dark Tutelage","wot","Near Mint","English","","","2025-06-11 02:05:46.097000","28","False","False","0.13"
"1","1","Dark Withering","c19","Near Mint","English","","","2025-06-11 02:05:46.097000","110","False","False","0.06"
"1","1","Dark-Dweller Oracle","2x2","Near Mint","English","foil","","2025-06-11 07:35:59.377000","106","False","False","0.16"
"2","2","Darksteel Ingot","dst","Near Mint","English","","","2025-06-19 03:02:54.590000","112","False","False","0.29"
"1","1","Darksteel Pendant","dst","Near Mint","English","","","2025-06-19 03:02:54.590000","113","False","False","0.14"
"1","1","Darksteel Plate","2x2","Near Mint","English","foil","","2025-06-19 03:03:28.607000","304","False","False","10.17"
"1","1","Davriel, Rogue Shadowmage","war","Near Mint","English","","","2025-06-11 02:05:46.097000","83","False","False","0.17"
"1","1","Dawn's Truce","blb","Near Mint","English","foil","","2025-06-11 02:06:23.177000","295","False","False","13.28"
"1","1","Daxos of Meletis","ths","Near Mint","English","","","2025-06-19 03:02:54.590000","191","False","False","0.13"
"1","1","Day of Destiny","dmc","Near Mint","English","","","2025-06-11 02:05:46.097000","99","False","False","0.22"
"1","1","Day of Destiny","who","Near Mint","English","","","2025-06-11 02:05:46.097000","206","False","False","0.11"
"1","1","Day of Judgment","zen","Near Mint","English","","","2025-06-11 02:05:46.097000","9","False","False","1.20"
"1","1","Daze","ema","Near Mint","English","","","2025-06-19 03:05:01.397000","44","False","False","2.26"
"1","1","Daze","jvc","Near Mint","English","","","2025-06-11 02:06:23.177000","23","False","False","3.22"
"1","1","Dead Before Sunrise","otc","Near Mint","English","","","2025-06-11 07:35:59.377000","62","False","False","0.18"
"1","1","Deadbridge Chant","m3c","Near Mint","English","","","2025-06-19 03:02:54.590000","258","False","False","0.24"
"1","1","Deadbridge Goliath","rtr","Near Mint","English","","","2025-06-14 09:15:28.340000","120","False","False","0.16"
"1","1","Deadeye Plunderers","xln","Near Mint","English","","","2025-06-19 03:02:54.590000","220","False","False","0.16"
"1","1","Deadly Alliance","znr","Near Mint","English","foil","","2025-06-11 02:05:46.097000","96","False","False","0.09"
"1","1","Deadly Cover-Up","mkm","Near Mint","English","foil","","2025-06-11 02:05:46.097000","399","False","False","1.14"
"1","1","Deadly Tempest","c15","Near Mint","English","","","2025-06-11 02:05:46.097000","19","False","False","1.20"
"2","2","Death Stroke","sth","Near Mint","English","","","2025-06-11 02:05:46.097000","57","False","False","0.15"
"2","2","Deathcap Cultivator","soi","Near Mint","English","","","2025-06-19 03:02:54.590000","202","False","False","0.22"
"1","1","Death-Hood Cobra","mm3","Near Mint","English","","","2025-06-14 09:15:28.340000","123","False","False","0.03"
"1","1","Deathleaper, Terror Weapon","40k","Near Mint","English","","","2025-06-19 03:02:54.590000","115","False","False","0.37"
"1","1","Deathreap Ritual","cns","Near Mint","English","foil","","2025-06-19 03:03:28.607000","44","False","False","4.18"
"4","4","Death's Shadow","mm3","Near Mint","English","","","2025-06-11 02:05:46.097000","64","False","False","1.42"
"1","1","Debris Beetle","dft","Near Mint","English","","","2025-06-19 03:02:54.590000","199","False","False","0.12"
"1","1","Debtors' Knell","gk2","Near Mint","English","","","2025-06-19 03:02:54.590000","39","False","False","0.65"
"1","1","Decadent Dragon // Expensive Taste","woe","Near Mint","English","","","2025-06-19 03:02:54.590000","223","False","False","0.50"
"1","1","Decimate","mkc","Near Mint","English","","","2025-06-19 03:02:54.590000","204","False","False","0.15"
"1","1","Decimate","blc","Near Mint","English","","","2025-06-19 03:02:54.590000","251","False","False","0.14"
"2","2","Decimate","dmr","Near Mint","English","","","2025-06-19 03:02:54.590000","444","False","False","0.36"
"1","1","Declaration in Stone","soi","Near Mint","English","","","2025-06-11 02:05:46.097000","12","False","False","0.25"
"1","1","Decoction Module","m3c","Near Mint","English","","","2025-06-19 03:02:54.590000","288","False","False","0.07"
"2","2","Decree of Justice","c14","Near Mint","English","","","2025-06-11 02:05:46.097000","70","False","False","0.39"
"1","1","Decree of Pain","dsc","Near Mint","English","","","2025-06-11 02:05:46.097000","136","False","False","0.23"
"1","1","Deduce","mkm","Near Mint","English","foil","","2025-06-11 02:05:46.097000","293","False","False","0.17"
"1","1","Deep Analysis","2x2","Near Mint","English","foil","","2025-06-11 02:05:46.097000","44","False","False","0.07"
"1","1","Deep Analysis","mkc","Near Mint","English","","","2025-06-11 02:05:46.097000","100","False","False","0.07"
"1","1","Deep Analysis","mh3","Near Mint","English","foil","","2025-06-11 02:05:46.097000","268","False","False","0.10"
"1","1","Deep Gnome Terramancer","clb","Near Mint","English","","","2025-06-11 02:06:23.177000","658","False","False","5.65"
"1","1","Deeproot Pilgrimage","lci","Near Mint","English","","","2025-06-11 02:05:46.097000","52","False","False","0.35"
"1","1","Defabricate","bro","Near Mint","English","","","2025-06-11 02:05:46.097000","45","False","False","0.12"
"1","1","Defiant Bloodlord","pbfz","Near Mint","English","foil","","2025-06-11 02:05:46.097000","107","False","False","0.99"
"1","1","Defiant Falcon","nem","Near Mint","English","","","2025-06-11 02:05:46.097000","6","False","False","0.22"
"1","1","Defiant Vanguard","tsb","Near Mint","English","","","2025-06-11 02:05:46.097000","5","False","False","0.16"
"1","1","Defiler of Dreams","dmu","Near Mint","English","","","2025-06-11 02:05:46.097000","46","False","False","0.24"
"1","1","Defiler of Dreams","dmu","Near Mint","English","foil","","2025-06-11 02:05:46.097000","393","False","False","0.80"
"2","2","Deflecting Palm","ktk","Near Mint","English","","","2025-06-19 03:02:54.590000","173","False","False","1.23"
"1","1","Deflecting Palm","mkc","Near Mint","English","","","2025-06-19 03:02:54.590000","205","False","False","1.52"
"1","1","Deluxe Dragster","moc","Near Mint","English","","","2025-06-11 02:06:23.177000","21","False","False","2.11"
"4","4","Delver of Secrets // Insectile Aberration","isd","Near Mint","English","","","2025-06-11 02:05:46.097000","51","False","False","0.32"
"2","2","Demand Answers","mkm","Near Mint","English","foil","","2025-06-11 07:35:59.377000","306","False","False","0.27"
"1","1","Demon of Dark Schemes","kld","Near Mint","English","","","2025-06-11 02:06:23.177000","73","False","False","2.23"
"1","1","Demonic Bargain","vow","Near Mint","English","","","2025-06-11 02:05:46.097000","103","False","False","0.12"
"1","1","Den Protector","c16","Near Mint","English","","","2025-06-14 09:15:28.340000","147","False","False","0.18"
"1","1","Den Protector","mkc","Near Mint","English","","","2025-06-14 09:15:28.340000","169","False","False","0.08"
"1","1","Denethor, Ruling Steward","ltr","Near Mint","English","","","2025-06-19 03:02:54.590000","198","False","False","0.09"
"1","1","Denizen of the Deep","dmr","Near Mint","English","foil","","2025-06-11 02:05:46.097000","47","False","False","0.12"
"2","2","Depala, Pilot Exemplar","kld","Near Mint","English","","","2025-06-19 03:02:54.590000","178","False","False","0.21"
"1","1","Deputy of Acquittals","dgm","Near Mint","English","","","2025-06-19 03:02:54.590000","65","False","False","0.07"
"1","1","Deranged Assistant","2x2","Near Mint","English","foil","","2025-06-11 02:05:46.097000","45","False","False","0.11"
"1","1","Deranged Assistant","2x2","Near Mint","English","foil","","2025-06-11 02:05:46.097000","45","False","False","0.11"
"1","1","Descent of the Dragons","dtk","Near Mint","English","","","2025-06-11 07:35:38.343000","133","False","False","2.31"
"1","1","Despark","clb","Near Mint","English","","","2025-06-19 03:02:54.590000","841","False","False","0.55"
"1","1","Despark","war","Near Mint","English","","","2025-06-19 03:02:54.590000","190","False","False","0.39"
"2","2","Desperate Ravings","ema","Near Mint","English","","","2025-06-19 03:02:54.590000","125","False","False","0.04"
"1","1","Destructive Revelry","ths","Near Mint","English","foil","","2025-06-19 03:02:54.590000","192","False","False","1.51"
"1","1","Detective's Phoenix","mh3","Near Mint","English","","","2025-06-11 07:35:59.377000","116","False","False","0.45"
"1","1","Devil's Play","isd","Near Mint","English","","","2025-06-11 07:35:59.377000","140","False","False","0.21"
"1","1","Devoted Druid","2x2","Near Mint","English","","","2025-06-19 03:00:34.663000","143","False","False","3.32"
"1","1","Devouring Light","moc","Near Mint","English","","","2025-06-11 02:05:46.097000","180","False","False","0.03"
"1","1","Diabolic Tutor","kld","Near Mint","English","","","2025-06-11 02:05:46.097000","75","False","False","1.03"
"1","1","Diabolic Tutor","pw24","Near Mint","English","foil","","2025-06-11 02:06:23.177000","13","False","False","5.47"
"1","1","Diabolic Vision","btd","Near Mint","English","","","2025-06-19 03:02:54.590000","67","False","False","0.47"
"1","1","Dictate of Heliod","jou","Near Mint","English","","","2025-06-11 02:05:46.097000","8","False","False","0.49"
"1","1","Dihada, Binder of Wills","dmc","Near Mint","English","foil","","2025-06-19 03:03:28.607000","1","False","False","21.25"
"1","1","Diluvian Primordial","gtc","Near Mint","English","","","2025-06-11 02:05:46.097000","33","False","False","0.32"
"1","1","Dimir House Guard","rav","Near Mint","English","","","2025-06-11 02:05:46.097000","83","False","False","0.29"
"1","1","Dimir House Guard","rvr","Near Mint","English","","","2025-06-11 02:05:46.097000","324","False","False","0.15"
"1","1","Dimir House Guard","rvr","Near Mint","English","foil","","2025-06-11 02:05:46.097000","73","False","False","0.17"
"1","1","Dimir Signet","mm3","Near Mint","English","","","2025-06-19 03:02:54.590000","219","False","False","0.52"
"1","1","Dimir Signet","mm3","Near Mint","English","foil","","2025-06-28 08:23:59.183000","219","False","False","2.68"
"1","1","Dimir Spybug","mkc","Near Mint","English","","","2025-06-19 03:02:54.590000","206","False","False","0.03"
"1","1","Dina, Soul Steeper","mul","Near Mint","English","","","2025-06-19 03:02:54.590000","37","False","False","0.17"
"1","1","Diregraf Captain","dka","Near Mint","English","","","2025-06-19 03:02:54.590000","135","False","False","0.39"
"2","2","Diregraf Colossus","soi","Near Mint","English","","","2025-06-11 02:06:23.177000","107","False","False","4.72"
"1","1","Disciple of the Ring","2x2","Near Mint","English","","","2025-06-11 02:05:46.097000","46","False","False","0.16"
"1","1","Discovery // Dispersal","mkc","Near Mint","English","","","2025-06-19 03:02:54.590000","207","False","False","0.05"
"1","1","Disdainful Stroke","ktk","Near Mint","English","","","2025-06-11 02:05:46.097000","37","False","False","0.07"
"1","1","Disinformation Campaign","mkc","Near Mint","English","","","2025-06-19 03:02:54.590000","208","False","False","0.05"
"1","1","Disperse","mor","Near Mint","English","","","2025-06-11 02:05:46.097000","31","False","False","0.21"
"2","2","Display of Power","ltr","Near Mint","English","","","2025-06-11 07:35:59.377000","119","False","False","0.20"
"1","1","Disrupt","wth","Near Mint","English","","","2025-06-11 02:05:46.097000","37","False","False","0.27"
"1","1","Disrupt Decorum","mkc","Near Mint","English","","","2025-06-11 07:35:59.377000","151","False","False","0.56"
"1","1","Disruption Protocol","neo","Near Mint","English","","","2025-06-11 02:05:46.097000","51","False","False","0.10"
"1","1","Distant Memories","mbs","Near Mint","English","","","2025-06-11 02:05:46.097000","24","False","False","0.17"
"1","1","Distended Mindbender","emn","Near Mint","English","","","2025-06-11 02:05:46.097000","3","False","False","0.24"
"1","1","Divest","2xm","Near Mint","English","","","2025-06-11 02:05:46.097000","87","False","False","0.11"
"1","1","Divine Gambit","sta","Near Mint","English","","","2025-06-11 02:05:46.097000","4","False","False","0.09"
"1","1","Djeru and Hazoret","mom","Near Mint","English","","","2025-06-19 03:02:54.590000","304","False","False","0.34"
"1","1","Djeru and Hazoret","mom","Near Mint","English","","","2025-06-19 03:02:54.590000","221","False","False","0.19"
"1","1","Djeru, With Eyes Open","phou","Near Mint","English","foil","","2025-06-11 02:06:23.177000","10s","False","False","2.40"
"1","1","Djinn of Wishes","c18","Near Mint","English","","","2025-06-11 02:05:46.097000","87","False","False","0.10"
"2","2","Doc Aurlock, Grizzled Genius","otj","Near Mint","English","foil","","2025-06-19 03:02:54.590000","201","False","False","0.15"
"1","1","Dog Walker","mkm","Near Mint","English","foil","","2025-06-19 03:02:54.590000","197","False","False","0.06"
"1","1","Dogged Detective","mkc","Near Mint","English","","","2025-06-11 02:05:46.097000","127","False","False","0.10"
"1","1","Dollhouse of Horrors","vow","Near Mint","English","","","2025-06-19 03:02:54.590000","255","False","False","0.15"
"1","1","Dominating Vampire","vow","Near Mint","English","foil","","2025-06-28 04:22:19.293000","407","False","False","0.42"
"1","1","Dominating Vampire","vow","Near Mint","English","foil","","2025-06-11 07:35:59.377000","407","False","False","0.41"
"1","1","Domri Rade","rvr","Near Mint","English","","","2025-06-19 03:02:54.590000","444","False","False","0.90"
"2","2","Doom Blade","ima","Near Mint","English","","","2025-06-11 02:05:46.097000","87","False","False","0.24"
"1","1","Doomed Necromancer","ons","Near Mint","English","","","2025-06-11 02:05:46.097000","140","False","False","1.46"
"1","1","Doomed Necromancer","c19","Near Mint","English","","","2025-06-11 02:05:46.097000","111","False","False","1.81"
"1","1","Doomed Traveler","isd","Near Mint","English","","","2025-06-11 02:05:46.097000","11","False","False","0.09"
"1","1","Doomsday Excruciator","dsk","Near Mint","English","","","2025-06-11 02:05:46.097000","346","False","False","0.42"
"1","1","Double Major","stx","Near Mint","English","","","2025-06-19 03:03:28.607000","179","False","False","2.34"
"1","1","Draconic Muralists","clb","Near Mint","English","foil","","2025-06-14 09:15:28.340000","224","False","False","0.22"
"3","3","Draconic Roar","ima","Near Mint","English","","","2025-06-11 07:35:59.377000","123","False","False","0.12"
"1","1","Drag the Canal","mkm","Near Mint","English","","","2025-06-19 03:02:54.590000","199","False","False","0.07"
"1","1","Dragon Arch","2x2","Near Mint","English","foil","","2025-06-19 03:02:54.590000","305","False","False","1.54"
"1","1","Dragon Fodder","ala","Near Mint","English","foil","","2025-06-11 07:35:59.377000","97","False","False","0.57"
"1","1","Dragon Mantle","wot","Near Mint","English","","","2025-06-11 07:35:59.377000","41","False","False","0.09"
"1","1","Dragon Sniper","tdm","Near Mint","English","","","2025-06-14 09:15:28.340000","139","False","False","0.17"
"1","1","Dragon Whelp","dmu","Near Mint","English","","","2025-06-11 07:35:59.377000","120","False","False","0.03"
"1","1","Dragonback Assault","tdm","Near Mint","English","foil","","2025-06-19 03:03:28.607000","179","False","False","2.93"
"1","1","Dragonborn Champion","afc","Near Mint","English","","","2025-06-19 03:03:28.607000","314","False","False","12.98"
"1","1","Dragonhawk, Fate's Tempest","blb","Near Mint","English","","","2025-06-11 07:35:38.343000","132","False","False","5.52"
"1","1","Dragonlord Kolaghan","dtk","Near Mint","English","","","2025-06-19 03:03:28.607000","218","False","False","8.95"
"1","1","Dragonlord Ojutai","dtk","Near Mint","English","","","2025-06-19 03:02:54.590000","219","False","False","0.62"
"1","1","Dragonlord Silumgar","2x2","Near Mint","English","etched","","2025-06-19 03:03:28.607000","488","False","False","7.93"
"1","1","Dragonlord's Servant","dtk","Near Mint","English","","","2025-06-11 07:35:59.377000","138","False","False","0.36"
"1","1","Dragon's Approach","stx","Near Mint","English","","","2025-06-11 07:35:38.343000","97","False","False","2.77"
"2","2","Dragonspeaker Shaman","scg","Near Mint","English","","","2025-06-11 07:35:38.343000","89","False","False","5.90"
"1","1","Dragon-Style Twins","ktk","Near Mint","English","","","2025-06-11 07:35:59.377000","108","False","False","0.18"
"1","1","Drain Life","mir","Near Mint","English","","","2025-06-11 02:05:46.097000","118","False","False","0.22"
"1","1","Drake Haven","akh","Near Mint","English","","","2025-06-11 02:05:46.097000","51","False","False","0.28"
"1","1","Drakuseth, Maw of Flames","cmm","Near Mint","English","","","2025-06-11 07:35:59.377000","218","False","False","0.58"
"1","1","Dramatic Accusation","mkm","Near Mint","English","","","2025-06-11 02:05:46.097000","294","False","False","0.07"
"1","1","Drana, Liberator of Malakir","dmc","Near Mint","English","","","2025-06-11 02:06:23.177000","111","False","False","2.41"
"1","1","Drana, the Last Bloodchief","znr","Near Mint","English","","","2025-06-11 02:06:23.177000","338","False","False","4.24"
"1","1","Drana's Chosen","ogw","Near Mint","English","","","2025-06-11 02:05:46.097000","84","False","False","0.13"
"1","1","Drana's Silencer","znr","Near Mint","English","foil","","2025-06-11 02:05:46.097000","99","False","False","0.06"
"2","2","Dreadbore","rtr","Near Mint","English","","","2025-06-19 03:02:54.590000","157","False","False","0.39"
"3","3","Dreadhorde Arcanist","war","Near Mint","English","","","2025-06-11 07:35:59.377000","125","False","False","0.82"
"1","1","Dream Eater","mkc","Near Mint","English","","","2025-06-11 02:05:46.097000","101","False","False","0.11"
"1","1","Dream Halls","sth","Near Mint","English","","","2025-06-11 02:06:23.177000","28","False","False","26.22"
"1","1","Dreamshaper Shaman","2x2","Near Mint","English","foil","","2025-06-11 07:35:59.377000","108","False","False","0.07"
"1","1","Dreamstone Hedron","c18","Near Mint","English","","","2025-06-19 03:02:54.590000","204","False","False","0.17"
"2","2","Dream-Thief's Bandana","otc","Near Mint","English","","","2025-06-19 03:02:54.590000","74","False","False","0.22"
"1","1","Drogskol Reaver","2x2","Near Mint","English","foil","","2025-06-19 03:03:28.607000","205","False","False","2.23"
"1","1","Dromoka, the Eternal","frf","Near Mint","English","foil","","2025-06-19 03:02:54.590000","151","False","False","1.55"
"1","1","Druid of the Cowl","m19","Near Mint","English","","","2025-06-14 09:15:28.340000","177","False","False","0.07"
"3","3","Dryad Militant","rtr","Near Mint","English","","","2025-06-19 03:02:54.590000","214","False","False","0.15"
"1","1","Dryad's Revival","dbl","Near Mint","English","","","2025-06-14 09:15:28.340000","183","False","False","0.39"
"1","1","Dualcaster Mage","2xm","Near Mint","English","","","2025-06-11 07:35:59.377000","124","False","False","1.34"
"1","1","Duelist of the Mind","otj","Near Mint","English","foil","","2025-06-11 02:05:46.097000","318","False","False","0.53"
"1","1","Duggan, Private Detective","who","Near Mint","English","","","2025-06-19 03:02:54.590000","123","False","False","0.11"
"1","1","Duke Ulder Ravengard","clb","Near Mint","English","","","2025-06-19 03:02:54.590000","420","False","False","0.10"
"1","1","Dune Chanter","otc","Near Mint","English","","","2025-06-14 09:15:28.340000","67","False","False","0.25"
"1","1","Dune Drifter","dft","Near Mint","English","","","2025-06-19 03:02:54.590000","200","False","False","0.02"
"1","1","Dune Drifter","dft","Near Mint","English","foil","","2025-06-19 03:02:54.590000","323","False","False","0.11"
"1","1","Dunland Crebain","ltr","Near Mint","English","foil","","2025-06-11 02:05:46.097000","411","False","False","0.09"
"1","1","Duplicant","c18","Near Mint","English","","","2025-06-19 03:02:54.590000","205","False","False","0.29"
"1","1","Duress","ema","Near Mint","English","","","2025-06-11 02:05:46.097000","86","False","False","0.16"
"1","1","Duress","ima","Near Mint","English","","","2025-06-11 02:05:46.097000","88","False","False","0.12"
"1","1","Duress","m13","Near Mint","English","","","2025-06-11 02:05:46.097000","90","False","False","0.05"
"1","1","Dusk // Dawn","clb","Near Mint","English","","","2025-06-11 02:05:46.097000","691","False","False","0.18"
"1","1","Dusk // Dawn","mkc","Near Mint","English","","","2025-06-11 02:05:46.097000","61","False","False","0.14"
"1","1","Duskana, the Rage Mother","mkc","Near Mint","English","foil","","2025-06-19 03:02:54.590000","5","False","False","0.31"
"1","1","Dutiful Attendant","dtk","Near Mint","English","","","2025-06-11 02:05:46.097000","99","False","False","0.02"
"1","1","Dwynen's Elite","ori","Near Mint","English","","","2025-06-14 09:15:28.340000","173","False","False","0.23"
"1","1","Dying to Serve","vow","Near Mint","English","","","2025-06-11 02:05:46.097000","370","False","False","0.35"
"1","1","Dynacharge","rtr","Near Mint","English","","","2025-06-11 07:35:59.377000","92","False","False","0.06"
"1","1","Dynaheir, Invoker Adept","clb","Near Mint","English","etched","","2025-06-19 03:02:54.590000","532","False","False","0.12"
"1","1","Eagles of the North","ltr","Near Mint","English","","","2025-06-11 02:05:46.097000","7","False","False","0.11"
"1","1","Earthshaker Dreadmaw","lci","Near Mint","English","","","2025-06-14 09:15:28.340000","325","False","False","0.09"
"1","1","Eastfarthing Farmer","ltr","Near Mint","English","foil","","2025-06-11 02:05:46.097000","459","False","False","0.22"
"1","1","Echo Storm","c18","Near Mint","English","","","2025-06-11 02:05:46.097000","7","False","False","0.31"
"2","2","Echoing Truth","dst","Near Mint","English","","","2025-06-11 02:05:46.097000","21","False","False","0.28"
"1","1","Ecological Appreciation","stx","Near Mint","English","","","2025-06-14 09:15:28.340000","128","False","False","0.33"
"1","1","Edgewalker","scg","Near Mint","English","","","2025-06-19 03:02:54.590000","137","False","False","0.91"
"1","1","Edric, Spymaster of Trest","cns","Near Mint","English","","","2025-06-19 03:02:54.590000","187","False","False","1.56"
"1","1","Efreet Flamepainter","stx","Near Mint","English","","","2025-06-11 07:35:59.377000","98","False","False","0.13"
