"Count","Tradelist Count","Name","Edition","Condition","Language","Foil","Tags","Last Modified","Collector Number","Alter","Proxy","Purchase Price"
"1","1","A Tale for the Ages","woe","Near Mint","English","foil","","2025-06-11 02:05:46.097000","34","False","False","0.19"
"1","1","Abyssal Specter","mm3","Near Mint","English","","","2025-06-11 02:05:46.097000","59","False","False","0.12"
"1","1","Academic Probation","stx","Near Mint","English","","","2025-06-11 02:05:46.097000","7","False","False","0.06"
"1","1","Accursed Marauder","mh3","Near Mint","English","foil","","2025-06-11 02:05:46.097000","405","False","False","0.56"
"1","1","Adarkar Valkyrie","c14","Near Mint","English","","","2025-06-11 02:05:46.097000","63","False","False","1.14"
"1","1","Aether Barrier","nem","Near Mint","English","","","2025-06-11 02:05:46.097000","27","False","False","1.92"
"1","1","Aether Channeler","dmu","Near Mint","English","","","2025-06-11 02:05:46.097000","42","False","False","0.29"
"1","1","Aether Snap","dst","Near Mint","English","foil","","2025-06-11 02:06:23.177000","37","False","False","10.21"
"1","1","Aethergeode Miner","m3c","Near Mint","English","","","2025-06-11 02:05:46.097000","163","False","False","0.10"
"1","1","Aetherize","c15","Near Mint","English","","","2025-06-11 02:05:46.097000","85","False","False","0.51"
"3","3","Aetherling","dgm","Near Mint","English","","","2025-06-11 02:05:46.097000","11","False","False","0.22"
"1","1","Aethersnipe","mm2","Near Mint","English","foil","","2025-06-11 02:05:46.097000","39","False","False","0.20"
"1","1","Aethersnipe","2x2","Near Mint","English","foil","","2025-06-11 02:05:46.097000","37","False","False","0.06"
"1","1","Aetherstorm Roc","m3c","Near Mint","English","","","2025-06-11 02:05:46.097000","164","False","False","0.09"
"1","1","Aethertide Whale","m3c","Near Mint","English","","","2025-06-11 02:05:46.097000","175","False","False","0.08"
"1","1","Ajani's Pridemate","ima","Near Mint","English","","","2025-06-11 02:05:46.097000","5","False","False","0.20"
"1","1","Akroma's Vengeance","c20","Near Mint","English","","","2025-06-11 02:05:46.097000","74","False","False","0.36"
"1","1","Altar of Bhaal // Bone Offering","clb","Near Mint","English","foil","","2025-06-11 02:05:46.097000","109","False","False","0.25"
"1","1","Amphin Mutineer","mkc","Near Mint","English","","","2025-06-11 02:05:46.097000","95","False","False","0.08"
"1","1","An Unearthly Child","who","Near Mint","English","","","2025-06-11 02:05:46.097000","35","False","False","0.11"
"1","1","Anafenza, Kin-Tree Spirit","dmc","Near Mint","English","","","2025-06-11 02:05:46.097000","97","False","False","0.12"
"4","4","Ancestral Vision","jvc","Near Mint","English","","","2025-06-11 02:06:23.177000","21","False","False","5.59"
"1","1","Angel of Finality","moc","Near Mint","English","","","2025-06-11 02:05:46.097000","169","False","False","0.17"
"1","1","Angel of Invention","kld","Near Mint","English","","","2025-06-11 02:05:46.097000","4","False","False","0.66"
"1","1","Angel of Invention","m3c","Near Mint","English","","","2025-06-11 02:05:46.097000","166","False","False","0.38"
"1","1","Angel of Salvation","moc","Near Mint","English","","","2025-06-11 02:05:46.097000","170","False","False","0.17"
"1","1","Angel of the Dire Hour","c14","Near Mint","English","","","2025-06-11 02:05:46.097000","1","False","False","1.87"
"1","1","Angel's Grace","mma","Near Mint","English","","","2025-06-11 02:06:23.177000","4","False","False","6.92"
"1","1","Another Chance","lci","Near Mint","English","","","2025-06-11 02:05:46.097000","90","False","False","0.03"
"1","1","Apprentice Necromancer","c17","Near Mint","English","","","2025-06-11 02:05:46.097000","97","False","False","0.94"
"1","1","Apprentice Wizard","4ed","Near Mint","English","","","2025-06-11 02:05:46.097000","61","False","False","0.13"
"1","1","Approach of the Second Sun","akh","Near Mint","English","","","2025-06-11 02:06:23.177000","4","False","False","3.28"
"1","1","Aquamoeba","dmr","Near Mint","English","foil","","2025-06-11 02:05:46.097000","38","False","False","0.10"
"1","1","Arcane Denial","a25","Near Mint","English","","","2025-06-11 02:06:23.177000","41","False","False","2.87"
"1","1","Arcane Heist","otc","Near Mint","English","","","2025-06-11 02:05:46.097000","49","False","False","0.28"
"1","1","Arcane Melee","avr","Near Mint","English","","","2025-06-11 02:05:46.097000","44","False","False","0.27"
"1","1","Arcanis the Omnipotent","ddn","Near Mint","English","foil","","2025-06-11 02:05:46.097000","42","False","False","0.39"
"1","1","Arcanis the Omnipotent","c17","Near Mint","English","","","2025-06-11 02:05:46.097000","80","False","False","0.37"
"1","1","Arcanis the Omnipotent","dmr","Near Mint","English","","","2025-06-11 02:05:46.097000","280","False","False","0.26"
"1","1","Archfiend of Depravity","frf","Near Mint","English","","","2025-06-11 02:06:23.177000","62","False","False","3.48"
"1","1","Archfiend of Ifnir","akh","Near Mint","English","","","2025-06-11 02:05:46.097000","78","False","False","1.85"
"1","1","Archfiend of Spite","c19","Near Mint","English","","","2025-06-11 02:05:46.097000","14","False","False","0.55"
"1","1","Archive Dragon","woe","Near Mint","English","foil","","2025-06-11 02:05:46.097000","41","False","False","0.14"
"1","1","Archivist of Gondor","ltc","Near Mint","English","","","2025-06-11 02:05:46.097000","420","False","False","0.39"
"1","1","Archmage Emeritus","otc","Near Mint","English","","","2025-06-11 02:06:23.177000","90","False","False","3.10"
"1","1","Archmage's Charm","otp","Near Mint","English","foil","","2025-06-11 02:05:46.097000","8","False","False","0.88"
"1","1","Archmage's Newt","otj","Near Mint","English","foil","","2025-06-11 02:05:46.097000","39","False","False","0.23"
"1","1","Archmage's Newt","otj","Near Mint","English","","","2025-06-11 02:05:46.097000","316","False","False","0.27"
"1","1","Archon of Cruelty","m3c","Near Mint","English","","","2025-06-11 02:06:23.177000","197","False","False","3.00"
"1","1","Archpriest of Iona","znr","Near Mint","English","","","2025-06-11 02:05:46.097000","316","False","False","0.17"
"1","1","Arguel's Blood Fast // Temple of Aclazotz","v17","Near Mint","English","foil","","2025-06-11 02:05:46.097000","2","False","False","0.78"
"1","1","Armistice","c14","Near Mint","English","","","2025-06-11 02:05:46.097000","65","False","False","0.09"
"1","1","Army of the Damned","isd","Near Mint","English","","","2025-06-11 02:05:46.097000","87","False","False","1.02"
"1","1","Artificial Evolution","ons","Near Mint","English","","","2025-06-11 02:06:23.177000","67","False","False","2.37"
"1","1","Artistic Refusal","mom","Near Mint","English","","","2025-06-11 02:05:46.097000","46","False","False","0.08"
"1","1","Ashnod, Flesh Mechanist","bro","Near Mint","English","","","2025-06-11 02:05:46.097000","84","False","False","0.10"
"1","1","Assassin Gauntlet","acr","Near Mint","English","etched","","2025-06-11 02:06:23.177000","185","False","False","2.17"
"1","1","Assassin Initiate","acr","Near Mint","English","foil","","2025-06-11 02:05:46.097000","22","False","False","0.13"
"1","1","Astral Drift","mh1","Near Mint","English","","","2025-06-11 02:05:46.097000","3","False","False","0.23"
"1","1","Asylum Visitor","c19","Near Mint","English","","","2025-06-11 02:05:46.097000","103","False","False","0.21"
"1","1","Augur of Bolas","mm3","Near Mint","English","foil","","2025-06-11 02:05:46.097000","30","False","False","0.28"
"1","1","Auramancer","dmr","Near Mint","English","","","2025-06-11 02:05:46.097000","1","False","False","0.05"
"1","1","Aurelia's Vindicator","mkm","Near Mint","English","","","2025-06-11 02:05:46.097000","336","False","False","0.20"
"1","1","Aurora Shifter","m3c","Near Mint","English","","","2025-06-11 02:05:46.097000","97","False","False","0.19"
"1","1","Auspicious Arrival","mkm","Near Mint","English","foil","","2025-06-11 02:05:46.097000","288","False","False","0.08"
"1","1","Austere Command","ima","Near Mint","English","","","2025-06-11 02:05:46.097000","10","False","False","0.95"
"1","1","Auton Soldier","who","Near Mint","English","","","2025-06-11 02:06:23.177000","353","False","False","17.12"
"1","1","Aven Mindcensor","akh","Near Mint","English","","","2025-06-11 02:05:46.097000","5","False","False","0.64"
"1","1","Aven Mindcensor","clb","Near Mint","English","","","2025-06-11 02:05:46.097000","688","False","False","1.91"
"1","1","Ayara, First of Locthwain","eld","Near Mint","English","foil","","2025-06-11 02:06:23.177000","75","False","False","3.45"
"1","1","Ayara's Oathsworn","mat","Near Mint","English","","","2025-06-11 02:05:46.097000","61","False","False","0.44"
"1","1","Azami, Lady of Scrolls","c17","Near Mint","English","","","2025-06-11 02:05:46.097000","82","False","False","0.28"
"1","1","Back in Town","otc","Near Mint","English","","","2025-06-11 02:05:46.097000","18","False","False","1.06"
"2","2","Bag of Devouring","afc","Near Mint","English","","","2025-06-11 02:05:46.097000","290","False","False","0.28"
"1","1","Bake into a Pie","eld","Near Mint","English","","","2025-06-11 02:05:46.097000","76","False","False","0.07"
"1","1","Balduvian Atrocity","dmu","Near Mint","English","","","2025-06-11 02:05:46.097000","79","False","False","0.04"
"1","1","Banish from Edoras","ltr","Near Mint","English","","","2025-06-11 02:05:46.097000","1","False","False","0.03"
"1","1","Banish to Another Universe","who","Near Mint","English","","","2025-06-11 02:05:46.097000","13","False","False","0.05"
"1","1","Banisher Priest","moc","Near Mint","English","","","2025-06-11 02:05:46.097000","173","False","False","0.07"
"2","2","Baral, Chief of Compliance","aer","Near Mint","English","","","2025-06-11 02:05:46.097000","28","False","False","1.26"
"1","1","Barbed Servitor","mkm","Near Mint","English","","","2025-06-11 02:05:46.097000","398","False","False","0.45"
"1","1","Barbed Servitor","mkm","Near Mint","English","foil","","2025-06-11 02:05:46.097000","77","False","False","0.30"
"1","1","Barrin, Tolarian Archmage","j22","Near Mint","English","","","2025-06-11 02:05:46.097000","276","False","False","0.16"
"1","1","Barrowgoyf","m3c","Near Mint","English","","","2025-06-11 02:06:23.177000","102","False","False","8.70"
"1","1","Basal Sliver","sld","Near Mint","English","foil","","2025-06-11 02:05:46.097000","629","False","False","1.77"
"1","1","Bastion of Remembrance","dsc","Near Mint","English","","","2025-06-11 02:05:46.097000","131","False","False","0.27"
"1","1","Battle Screech","moc","Near Mint","English","","","2025-06-11 02:05:46.097000","174","False","False","0.13"
"1","1","Beacon of Unrest","c19","Near Mint","English","","","2025-06-11 02:05:46.097000","105","False","False","0.25"
"1","1","Beseech the Queen","plst","Near Mint","English","","","2025-06-11 02:06:23.177000","SHM-57","False","False","3.14"
"1","1","Bespoke Battlewagon","mh3","Near Mint","English","","","2025-06-11 02:05:46.097000","52","False","False","0.05"
"1","1","Bident of Thassa","m3c","Near Mint","English","","","2025-06-11 02:05:46.097000","177","False","False","0.33"
"1","1","Big Game Hunter","c19","Near Mint","English","","","2025-06-11 02:05:46.097000","106","False","False","0.63"
"1","1","Bill Ferny, Bree Swindler","ltr","Near Mint","English","foil","","2025-06-11 02:05:46.097000","42","False","False","0.12"
"1","1","Birthday Escape","ltr","Near Mint","English","","","2025-06-11 02:05:46.097000","43","False","False","0.10"
"1","1","Birthday Escape","ltr","Near Mint","English","","","2025-06-11 02:05:46.097000","494","False","False","0.47"
"1","1","Biting-Palm Ninja","neo","Near Mint","English","","","2025-06-11 02:05:46.097000","452","False","False","0.30"
"1","1","Black Sun's Zenith","mkc","Near Mint","English","","","2025-06-11 02:05:46.097000","126","False","False","0.36"
"2","2","Blessed Alliance","emn","Near Mint","English","","","2025-06-11 02:05:46.097000","13","False","False","0.17"
"1","1","Blessed Reincarnation","pdtk","Near Mint","English","foil","","2025-06-11 02:05:46.097000","47s","False","False","0.53"
"1","1","Blood Artist","avr","Near Mint","English","","","2025-06-11 02:05:46.097000","86","False","False","0.94"
"1","1","Blood Artist","2x2","Near Mint","English","foil","","2025-06-11 02:06:23.177000","70","False","False","2.71"
"1","1","Blood Artist","dsc","Near Mint","English","","","2025-06-11 02:05:46.097000","132","False","False","0.95"
"1","1","Blood Pact","dsc","Near Mint","English","","","2025-06-11 02:05:46.097000","76","False","False","0.10"
"1","1","Blood Price","znr","Near Mint","English","foil","","2025-06-11 02:05:46.097000","93","False","False","0.09"
"1","1","Blood Scrivener","dgm","Near Mint","English","","","2025-06-11 02:05:46.097000","22","False","False","0.19"
"1","1","Blood Seeker","dsc","Near Mint","English","","","2025-06-11 02:05:46.097000","77","False","False","0.22"
"1","1","Bloodflow Connoisseur","2x2","Near Mint","English","foil","","2025-06-11 02:05:46.097000","71","False","False","0.12"
"1","1","Bloodline Necromancer","c17","Near Mint","English","","","2025-06-11 02:05:46.097000","14","False","False","0.28"
"1","1","Bloodsoaked Champion","ktk","Near Mint","English","","","2025-06-11 02:05:46.097000","66","False","False","0.24"
"2","2","Body Double","c17","Near Mint","English","","","2025-06-11 02:05:46.097000","83","False","False","0.22"
"1","1","Boneyard Parley","c19","Near Mint","English","","","2025-06-11 02:05:46.097000","107","False","False","0.19"
"1","1","Boromir, Warden of the Tower","ltr","Near Mint","English","","","2025-06-11 02:06:23.177000","455","False","False","8.91"
"1","1","Braided Net // Braided Quipu","lci","Near Mint","English","","","2025-06-11 02:05:46.097000","47","False","False","0.11"
"1","1","Braids, Arisen Nightmare","dsc","Near Mint","English","","","2025-06-11 02:06:23.177000","133","False","False","3.91"
"2","2","Braids, Cabal Minion","mh2","Near Mint","English","","","2025-06-11 02:05:46.097000","273","False","False","0.61"
"1","1","Brainstealer Dragon","clb","Near Mint","English","","","2025-06-11 02:06:23.177000","621","False","False","4.61"
"1","1","Brainstorm","cns","Near Mint","English","","","2025-06-11 02:06:23.177000","91","False","False","3.41"
"1","1","Brainstorm","a25","Near Mint","English","","","2025-06-11 02:05:46.097000","46","False","False","1.31"
"1","1","Brainstorm","mkc","Near Mint","English","","","2025-06-11 02:06:23.177000","96","False","False","2.00"
"1","1","Brimaz, King of Oreskos","bng","Near Mint","English","","","2025-06-11 02:06:23.177000","5","False","False","8.73"
"1","1","Bringer of the Last Gift","lci","Near Mint","English","foil","","2025-06-11 02:05:46.097000","337","False","False","0.65"
"1","1","Bubble Smuggler","mkm","Near Mint","English","","","2025-06-11 02:05:46.097000","41","False","False","0.03"
"1","1","Bubble Snare","znr","Near Mint","English","foil","","2025-06-11 02:05:46.097000","47","False","False","0.09"
"1","1","Bubbling Muck","uds","Near Mint","English","","","2025-06-11 02:06:23.177000","54","False","False","3.49"
"1","1","Burrenton Forge-Tender","ima","Near Mint","English","","","2025-06-11 02:05:46.097000","14","False","False","0.27"
"1","1","Butcher of Malakir","clb","Near Mint","English","","","2025-06-11 02:05:46.097000","741","False","False","0.40"
"1","1","Bygone Bishop","clb","Near Mint","English","","","2025-06-11 02:05:46.097000","689","False","False","0.15"
"1","1","Cabal Therapy","ema","Near Mint","English","","","2025-06-11 02:05:46.097000","83","False","False","0.85"
"1","1","Cackling Counterpart","j25","Near Mint","English","","","2025-06-11 02:05:46.097000","293","False","False","0.22"
"1","1","Caduceus, Staff of Hermes","acr","Near Mint","English","etched","","2025-06-11 02:06:23.177000","173","False","False","7.01"
"1","1","Caduceus, Staff of Hermes","acr","Near Mint","English","","","2025-06-11 02:06:23.177000","155","False","False","4.75"
"1","1","Call to Glory","chk","Near Mint","English","","","2025-06-11 02:05:46.097000","4","False","False","0.19"
"1","1","Case of the Shifting Visage","mkc","Near Mint","English","","","2025-06-11 02:05:46.097000","19","False","False","0.12"
"1","1","Case of the Uneaten Feast","mkm","Near Mint","English","","","2025-06-11 02:05:46.097000","10","False","False","0.26"
"1","1","Cataclysmic Gearhulk","kld","Near Mint","English","","","2025-06-11 02:05:46.097000","9","False","False","0.36"
"1","1","Celestial Crusader","c14","Near Mint","English","","","2025-06-11 02:05:46.097000","68","False","False","0.15"
"1","1","Cerebral Confiscation","mkm","Near Mint","English","foil","","2025-06-11 02:05:46.097000","81","False","False","0.04"
"1","1","Ceremonious Rejection","kld","Near Mint","English","","","2025-06-11 02:05:46.097000","40","False","False","0.09"
"1","1","Chainer, Dementia Master","cmm","Near Mint","English","foil","","2025-06-11 02:05:46.097000","144","False","False","0.32"
"1","1","Champion of Stray Souls","c19","Near Mint","English","","","2025-06-11 02:05:46.097000","109","False","False","0.23"
"1","1","Chant of Vitu-Ghazi","moc","Near Mint","English","","","2025-06-11 02:05:46.097000","177","False","False","0.10"
"1","1","Charix, the Raging Isle","znr","Near Mint","English","foil","","2025-06-11 02:05:46.097000","325","False","False","1.35"
"1","1","Charnel Serenade","mkc","Near Mint","English","","","2025-06-11 02:05:46.097000","26","False","False","0.13"
"1","1","Charred Graverobber","otc","Near Mint","English","","","2025-06-11 02:05:46.097000","55","False","False","0.16"
"1","1","Chart a Course","lci","Near Mint","English","foil","","2025-06-11 02:05:46.097000","48","False","False","0.23"
"1","1","Chasm Skulker","moc","Near Mint","English","","","2025-06-11 02:05:46.097000","218","False","False","1.04"
"1","1","Chosen by Heliod","ths","Near Mint","English","","","2025-06-11 02:05:46.097000","5","False","False","0.10"
"1","1","Cirith Ungol Patrol","ltr","Near Mint","English","","","2025-06-11 02:05:46.097000","80","False","False","0.04"
"1","1","Claim Jumper","otj","Near Mint","English","foil","","2025-06-11 02:05:46.097000","8","False","False","0.91"
"1","1","Claim Jumper","otj","Near Mint","English","","","2025-06-11 02:06:23.177000","310","False","False","2.27"
"1","1","Claim the Precious","ltr","Near Mint","English","","","2025-06-11 02:05:46.097000","81","False","False","0.10"
"1","1","Clan Crafter","clb","Near Mint","English","","","2025-06-11 02:05:46.097000","614","False","False","0.94"
"1","1","Clarion Conqueror","tdm","Near Mint","English","foil","","2025-06-11 02:06:23.177000","377","False","False","3.21"
"1","1","Clone Legion","dtk","Near Mint","English","","","2025-06-11 02:05:46.097000","48","False","False","1.39"
"1","1","Clone Legion","c17","Near Mint","English","","","2025-06-11 02:05:46.097000","84","False","False","1.09"
"1","1","Cloud of Faeries","ulg","Near Mint","English","","","2025-06-11 02:05:46.097000","29","False","False","0.82"
"1","1","Cloud of Faeries","dmr","Near Mint","English","foil","","2025-06-11 02:05:46.097000","43","False","False","0.36"
"1","1","Cloud of Faeries","moc","Near Mint","English","","","2025-06-11 02:05:46.097000","219","False","False","0.18"
"1","1","Cloudfin Raptor","rvr","Near Mint","English","foil","","2025-06-11 02:05:46.097000","310","False","False","0.13"
"1","1","Cloudkill","clb","Near Mint","English","foil","","2025-06-11 02:05:46.097000","121","False","False","0.07"
"1","1","Coat with Venom","dtk","Near Mint","English","foil","","2025-06-11 02:05:46.097000","91","False","False","0.69"
"1","1","Collective Brutality","emn","Near Mint","English","","","2025-06-11 02:05:46.097000","85","False","False","0.38"
"1","1","Comeuppance","c14","Near Mint","English","","","2025-06-11 02:05:46.097000","4","False","False","1.30"
"1","1","Comeuppance","mkc","Near Mint","English","","","2025-06-11 02:05:46.097000","58","False","False","0.48"
"1","1","Compelling Argument","akh","Near Mint","English","","","2025-06-11 02:05:46.097000","47","False","False","0.06"
"1","1","Compulsion","wot","Near Mint","English","","","2025-06-11 02:05:46.097000","15","False","False","0.07"
"1","1","Compulsive Research","sta","Near Mint","English","foil","","2025-06-11 02:05:46.097000","14","False","False","0.27"
"1","1","Compulsive Research","rvr","Near Mint","English","foil","","2025-06-11 02:05:46.097000","311","False","False","0.17"
"1","1","Conclave Tribunal","moc","Near Mint","English","","","2025-06-11 02:05:46.097000","178","False","False","0.06"
"1","1","Condemn","c14","Near Mint","English","","","2025-06-11 02:05:46.097000","69","False","False","0.13"
"1","1","Confiscation Coup","kld","Near Mint","English","","","2025-06-11 02:05:46.097000","41","False","False","0.21"
"1","1","Confiscation Coup","m3c","Near Mint","English","","","2025-06-11 02:05:46.097000","178","False","False","0.07"
"1","1","Conspiracy","acr","Near Mint","English","etched","","2025-06-11 02:05:46.097000","200","False","False","0.55"
"1","1","Containment Priest","c14","Near Mint","English","","","2025-06-11 02:05:46.097000","5","False","False","0.50"
"1","1","Control Magic","4ed","Near Mint","English","","","2025-06-11 02:05:46.097000","64","False","False","1.58"
"1","1","Coppercoat Vanguard","mat","Near Mint","English","etched","","2025-06-11 02:05:46.097000","101","False","False","0.23"
"1","1","Copy Catchers","mkc","Near Mint","English","","","2025-06-11 02:05:46.097000","20","False","False","0.08"
"1","1","Corpse Augur","c17","Near Mint","English","","","2025-06-11 02:05:46.097000","106","False","False","0.13"
"1","1","Corpse Augur","clb","Near Mint","English","","","2025-06-11 02:05:46.097000","744","False","False","0.05"
"1","1","Corrupted Conviction","mom","Near Mint","English","","","2025-06-11 02:05:46.097000","98","False","False","0.69"
"1","1","Counterspell","3ed","Near Mint","English","","","2025-06-11 02:06:23.177000","54","False","False","4.53"
"1","1","Covenant of Minds","cn2","Near Mint","English","","","2025-06-11 02:05:46.097000","105","False","False","0.20"
"1","1","Covert Technician","neo","Near Mint","English","","","2025-06-11 02:05:46.097000","332","False","False","0.12"
"1","1","Coveted Prize","znr","Near Mint","English","foil","","2025-06-11 02:05:46.097000","337","False","False","0.54"
"1","1","Crabomination","mh3","Near Mint","English","foil","","2025-06-11 02:05:46.097000","452","False","False","0.43"
"1","1","Creeping Bloodsucker","j25","Near Mint","English","","","2025-06-11 02:06:23.177000","415","False","False","3.86"
"1","1","Creeping Chill","grn","Near Mint","English","","","2025-06-11 02:05:46.097000","66","False","False","0.24"
"1","1","Crib Swap","clb","Near Mint","English","","","2025-06-11 02:05:46.097000","690","False","False","0.24"
"1","1","Crown of Awe","ons","Near Mint","English","","","2025-06-11 02:05:46.097000","16","False","False","0.11"
"1","1","Crux of Fate","frf","Near Mint","English","","","2025-06-11 02:06:23.177000","65","False","False","4.08"
"1","1","Crypt Angel","inv","Near Mint","English","","","2025-06-11 02:05:46.097000","97","False","False","1.10"
"1","1","Cryptic Command","mm2","Near Mint","English","","","2025-06-11 02:06:23.177000","43","False","False","6.59"
"1","1","Cryptic Serpent","akh","Near Mint","English","","","2025-06-11 02:05:46.097000","48","False","False","0.22"
"1","1","Crystalline Resonance","c20","Near Mint","English","","","2025-06-11 02:05:46.097000","31","False","False","0.11"
"1","1","Curator of Mysteries","akh","Near Mint","English","","","2025-06-11 02:05:46.097000","49","False","False","0.21"
"1","1","Curiosity","a25","Near Mint","English","","","2025-06-11 02:05:46.097000","52","False","False","0.32"
"1","1","Curse of Disturbance","c17","Near Mint","English","","","2025-06-11 02:06:23.177000","16","False","False","4.25"
"1","1","Curse of Fool's Wisdom","c19","Near Mint","English","","","2025-06-11 02:06:23.177000","16","False","False","4.13"
"2","2","Curse of the Swine","ths","Near Mint","English","","","2025-06-11 02:05:46.097000","46","False","False","0.27"
"1","1","Curse of Vengeance","c16","Near Mint","English","","","2025-06-11 02:06:23.177000","12","False","False","5.90"
"1","1","Cut Down","dmu","Near Mint","English","","","2025-06-11 02:05:46.097000","89","False","False","1.67"
"1","1","Cut Short","mom","Near Mint","English","","","2025-06-11 02:05:46.097000","10","False","False","0.03"
"1","1","Damnable Pact","dtk","Near Mint","English","","","2025-06-11 02:05:46.097000","93","False","False","0.35"
"1","1","Dancing Sword","afr","Near Mint","English","","","2025-06-11 02:05:46.097000","360","False","False","0.17"
"1","1","Darien, King of Kjeldor","mkc","Near Mint","English","","","2025-06-11 02:05:46.097000","59","False","False","0.22"
"1","1","Dark Ritual","2ed","Near Mint","English","","","2025-06-11 02:06:23.177000","99","False","False","13.42"
"1","1","Dark Tutelage","wot","Near Mint","English","","","2025-06-11 02:05:46.097000","28","False","False","0.13"
"1","1","Dark Withering","c19","Near Mint","English","","","2025-06-11 02:05:46.097000","110","False","False","0.06"
"1","1","Davriel, Rogue Shadowmage","war","Near Mint","English","","","2025-06-11 02:05:46.097000","83","False","False","0.17"
"1","1","Dawn's Truce","blb","Near Mint","English","foil","","2025-06-11 02:06:23.177000","295","False","False","13.28"
"1","1","Day of Destiny","dmc","Near Mint","English","","","2025-06-11 02:05:46.097000","99","False","False","0.22"
"1","1","Day of Destiny","who","Near Mint","English","","","2025-06-11 02:05:46.097000","206","False","False","0.11"
"1","1","Day of Judgment","zen","Near Mint","English","","","2025-06-11 02:05:46.097000","9","False","False","1.20"
"1","1","Daze","jvc","Near Mint","English","","","2025-06-11 02:06:23.177000","23","False","False","3.22"
"1","1","Deadly Alliance","znr","Near Mint","English","foil","","2025-06-11 02:05:46.097000","96","False","False","0.09"
"1","1","Deadly Cover-Up","mkm","Near Mint","English","foil","","2025-06-11 02:05:46.097000","399","False","False","1.14"
"1","1","Deadly Tempest","c15","Near Mint","English","","","2025-06-11 02:05:46.097000","19","False","False","1.20"
"2","2","Death Stroke","sth","Near Mint","English","","","2025-06-11 02:05:46.097000","57","False","False","0.15"
"4","4","Death's Shadow","mm3","Near Mint","English","","","2025-06-11 02:05:46.097000","64","False","False","1.42"
"1","1","Declaration in Stone","soi","Near Mint","English","","","2025-06-11 02:05:46.097000","12","False","False","0.25"
"2","2","Decree of Justice","c14","Near Mint","English","","","2025-06-11 02:05:46.097000","70","False","False","0.39"
"1","1","Decree of Pain","dsc","Near Mint","English","","","2025-06-11 02:05:46.097000","136","False","False","0.23"
"1","1","Deduce","mkm","Near Mint","English","foil","","2025-06-11 02:05:46.097000","293","False","False","0.17"
"1","1","Deep Analysis","2x2","Near Mint","English","foil","","2025-06-11 02:05:46.097000","44","False","False","0.07"
"1","1","Deep Analysis","mkc","Near Mint","English","","","2025-06-11 02:05:46.097000","100","False","False","0.07"
"1","1","Deep Analysis","mh3","Near Mint","English","foil","","2025-06-11 02:05:46.097000","268","False","False","0.10"
"1","1","Deep Gnome Terramancer","clb","Near Mint","English","","","2025-06-11 02:06:23.177000","658","False","False","5.65"
"1","1","Deeproot Pilgrimage","lci","Near Mint","English","","","2025-06-11 02:05:46.097000","52","False","False","0.35"
"1","1","Defabricate","bro","Near Mint","English","","","2025-06-11 02:05:46.097000","45","False","False","0.12"
"1","1","Defiant Bloodlord","pbfz","Near Mint","English","foil","","2025-06-11 02:05:46.097000","107","False","False","0.99"
"1","1","Defiant Falcon","nem","Near Mint","English","","","2025-06-11 02:05:46.097000","6","False","False","0.22"
"1","1","Defiant Vanguard","tsb","Near Mint","English","","","2025-06-11 02:05:46.097000","5","False","False","0.16"
"1","1","Defiler of Dreams","dmu","Near Mint","English","","","2025-06-11 02:05:46.097000","46","False","False","0.24"
"1","1","Defiler of Dreams","dmu","Near Mint","English","foil","","2025-06-11 02:05:46.097000","393","False","False","0.80"
"1","1","Deluxe Dragster","moc","Near Mint","English","","","2025-06-11 02:06:23.177000","21","False","False","2.11"
"4","4","Delver of Secrets // Insectile Aberration","isd","Near Mint","English","","","2025-06-11 02:05:46.097000","51","False","False","0.32"
"1","1","Demon of Dark Schemes","kld","Near Mint","English","","","2025-06-11 02:06:23.177000","73","False","False","2.23"
"1","1","Demonic Bargain","vow","Near Mint","English","","","2025-06-11 02:05:46.097000","103","False","False","0.12"
"1","1","Denizen of the Deep","dmr","Near Mint","English","foil","","2025-06-11 02:05:46.097000","47","False","False","0.12"
"1","1","Deranged Assistant","2x2","Near Mint","English","foil","","2025-06-11 02:05:46.097000","45","False","False","0.11"
"1","1","Deranged Assistant","2x2","Near Mint","English","foil","","2025-06-11 02:05:46.097000","45","False","False","0.11"
"1","1","Devouring Light","moc","Near Mint","English","","","2025-06-11 02:05:46.097000","180","False","False","0.03"
"1","1","Diabolic Tutor","kld","Near Mint","English","","","2025-06-11 02:05:46.097000","75","False","False","1.03"
"1","1","Diabolic Tutor","pw24","Near Mint","English","foil","","2025-06-11 02:06:23.177000","13","False","False","5.47"
"1","1","Dictate of Heliod","jou","Near Mint","English","","","2025-06-11 02:05:46.097000","8","False","False","0.49"
"1","1","Diluvian Primordial","gtc","Near Mint","English","","","2025-06-11 02:05:46.097000","33","False","False","0.32"
"1","1","Dimir House Guard","rav","Near Mint","English","","","2025-06-11 02:05:46.097000","83","False","False","0.29"
"1","1","Dimir House Guard","rvr","Near Mint","English","","","2025-06-11 02:05:46.097000","324","False","False","0.15"
"1","1","Dimir House Guard","rvr","Near Mint","English","foil","","2025-06-11 02:05:46.097000","73","False","False","0.17"
"2","2","Diregraf Colossus","soi","Near Mint","English","","","2025-06-11 02:06:23.177000","107","False","False","4.72"
"1","1","Disciple of the Ring","2x2","Near Mint","English","","","2025-06-11 02:05:46.097000","46","False","False","0.16"
"1","1","Disdainful Stroke","ktk","Near Mint","English","","","2025-06-11 02:05:46.097000","37","False","False","0.07"
"1","1","Disperse","mor","Near Mint","English","","","2025-06-11 02:05:46.097000","31","False","False","0.21"
"1","1","Disrupt","wth","Near Mint","English","","","2025-06-11 02:05:46.097000","37","False","False","0.27"
"1","1","Disruption Protocol","neo","Near Mint","English","","","2025-06-11 02:05:46.097000","51","False","False","0.10"
"1","1","Distant Memories","mbs","Near Mint","English","","","2025-06-11 02:05:46.097000","24","False","False","0.17"
"1","1","Distended Mindbender","emn","Near Mint","English","","","2025-06-11 02:05:46.097000","3","False","False","0.24"
"1","1","Divest","2xm","Near Mint","English","","","2025-06-11 02:05:46.097000","87","False","False","0.11"
"1","1","Divine Gambit","sta","Near Mint","English","","","2025-06-11 02:05:46.097000","4","False","False","0.09"
"1","1","Djeru, With Eyes Open","phou","Near Mint","English","foil","","2025-06-11 02:06:23.177000","10s","False","False","2.40"
"1","1","Djinn of Wishes","c18","Near Mint","English","","","2025-06-11 02:05:46.097000","87","False","False","0.10"
"1","1","Dogged Detective","mkc","Near Mint","English","","","2025-06-11 02:05:46.097000","127","False","False","0.10"
"2","2","Doom Blade","ima","Near Mint","English","","","2025-06-11 02:05:46.097000","87","False","False","0.24"
"1","1","Doomed Necromancer","c19","Near Mint","English","","","2025-06-11 02:05:46.097000","111","False","False","1.81"
"1","1","Doomed Necromancer","ons","Near Mint","English","","","2025-06-11 02:05:46.097000","140","False","False","1.46"
"1","1","Doomed Traveler","isd","Near Mint","English","","","2025-06-11 02:05:46.097000","11","False","False","0.09"
"1","1","Doomsday Excruciator","dsk","Near Mint","English","","","2025-06-11 02:05:46.097000","346","False","False","0.42"
"1","1","Drain Life","mir","Near Mint","English","","","2025-06-11 02:05:46.097000","118","False","False","0.22"
"1","1","Drake Haven","akh","Near Mint","English","","","2025-06-11 02:05:46.097000","51","False","False","0.28"
"1","1","Dramatic Accusation","mkm","Near Mint","English","","","2025-06-11 02:05:46.097000","294","False","False","0.07"
"1","1","Drana, Liberator of Malakir","dmc","Near Mint","English","","","2025-06-11 02:06:23.177000","111","False","False","2.41"
"1","1","Drana, the Last Bloodchief","znr","Near Mint","English","","","2025-06-11 02:06:23.177000","338","False","False","4.24"
"1","1","Drana's Chosen","ogw","Near Mint","English","","","2025-06-11 02:05:46.097000","84","False","False","0.13"
"1","1","Drana's Silencer","znr","Near Mint","English","foil","","2025-06-11 02:05:46.097000","99","False","False","0.06"
"1","1","Dream Eater","mkc","Near Mint","English","","","2025-06-11 02:05:46.097000","101","False","False","0.11"
"1","1","Dream Halls","sth","Near Mint","English","","","2025-06-11 02:06:23.177000","28","False","False","26.22"
"1","1","Duelist of the Mind","otj","Near Mint","English","foil","","2025-06-11 02:05:46.097000","318","False","False","0.53"
"1","1","Dunland Crebain","ltr","Near Mint","English","foil","","2025-06-11 02:05:46.097000","411","False","False","0.09"
"1","1","Duress","m13","Near Mint","English","","","2025-06-11 02:05:46.097000","90","False","False","0.05"
"1","1","Duress","ima","Near Mint","English","","","2025-06-11 02:05:46.097000","88","False","False","0.12"
"1","1","Duress","ema","Near Mint","English","","","2025-06-11 02:05:46.097000","86","False","False","0.16"
"1","1","Dusk // Dawn","clb","Near Mint","English","","","2025-06-11 02:05:46.097000","691","False","False","0.18"
"1","1","Dusk // Dawn","mkc","Near Mint","English","","","2025-06-11 02:05:46.097000","61","False","False","0.14"
"1","1","Dutiful Attendant","dtk","Near Mint","English","","","2025-06-11 02:05:46.097000","99","False","False","0.02"
"1","1","Dying to Serve","vow","Near Mint","English","","","2025-06-11 02:05:46.097000","370","False","False","0.35"
"1","1","Eagles of the North","ltr","Near Mint","English","","","2025-06-11 02:05:46.097000","7","False","False","0.11"
"1","1","Eastfarthing Farmer","ltr","Near Mint","English","foil","","2025-06-11 02:05:46.097000","459","False","False","0.22"
"1","1","Echo Storm","c18","Near Mint","English","","","2025-06-11 02:05:46.097000","7","False","False","0.31"
"2","2","Echoing Truth","dst","Near Mint","English","","","2025-06-11 02:05:46.097000","21","False","False","0.28"
"1","1","Eight-and-a-Half-Tails","clb","Near Mint","English","","","2025-06-11 02:05:46.097000","692","False","False","0.33"
"1","1","Eldritch Pact","clb","Near Mint","English","","","2025-06-11 02:05:46.097000","574","False","False","0.18"
"1","1","Elesh Norn // The Argent Etchings","mom","Near Mint","English","","","2025-06-11 02:06:23.177000","12","False","False","5.94"
"1","1","Elite Spellbinder","stx","Near Mint","English","","","2025-06-11 02:05:46.097000","17","False","False","0.15"
"1","1","Elspeth, Sun's Champion","ths","Near Mint","English","","","2025-06-11 02:05:46.097000","9","False","False","1.63"
"1","1","Elvish Mariner","ltr","Near Mint","English","","","2025-06-11 02:05:46.097000","283","False","False","0.78"
"1","1","Empty the Pits","ktk","Near Mint","English","foil","","2025-06-11 02:05:46.097000","72","False","False","1.30"
"1","1","Empty the Pits","ktk","Near Mint","English","","","2025-06-11 02:05:46.097000","72","False","False","0.46"
"1","1","Enduring Curiosity","dsk","Near Mint","English","","","2025-06-11 02:06:23.177000","371","False","False","4.37"
"1","1","Enhanced Surveillance","mkc","Near Mint","English","","","2025-06-11 02:05:46.097000","102","False","False","0.11"
"1","1","Enlightened Ascetic","ori","Near Mint","English","foil","","2025-06-11 02:05:46.097000","12","False","False","0.92"
"1","1","Ent-Draught Basin","ltr","Near Mint","English","","","2025-06-11 02:05:46.097000","689","False","False","0.17"
"1","1","Enter the Infinite","gtc","Near Mint","English","","","2025-06-11 02:06:23.177000","34","False","False","5.65"
"1","1","Éowyn, Lady of Rohan","ltr","Near Mint","English","","","2025-06-11 02:05:46.097000","10","False","False","0.08"
"1","1","Ephemeral Shields","moc","Near Mint","English","","","2025-06-11 02:05:46.097000","184","False","False","0.06"
"1","1","Era of Innovation","m3c","Near Mint","English","","","2025-06-11 02:05:46.097000","183","False","False","0.06"
"1","1","Erase","ktk","Near Mint","English","foil","","2025-06-11 02:05:46.097000","9","False","False","0.33"
"1","1","Ertai, Wizard Adept","exo","Near Mint","English","","","2025-06-11 02:06:23.177000","33","False","False","7.69"
"1","1","Esperzoa","mma","Near Mint","English","foil","","2025-06-11 02:05:46.097000","43","False","False","0.20"
"1","1","Etherium Sculptor","c16","Near Mint","English","","","2025-06-11 02:06:23.177000","89","False","False","2.72"
"1","1","Etherium Sculptor","c18","Near Mint","English","","","2025-06-11 02:06:23.177000","90","False","False","2.77"
"1","1","Ethersworn Canonist","mma","Near Mint","English","","","2025-06-11 02:06:23.177000","14","False","False","5.29"
"1","1","Ever After","soi","Near Mint","English","","","2025-06-11 02:05:46.097000","109","False","False","0.24"
"1","1","Evolved Sleeper","dmu","Near Mint","English","","","2025-06-11 02:05:46.097000","93","False","False","0.13"
"1","1","Evra, Halcyon Witness","dom","Near Mint","English","","","2025-06-11 02:05:46.097000","16","False","False","0.18"
"1","1","Extractor Demon","mm3","Near Mint","English","","","2025-06-11 02:05:46.097000","69","False","False","0.19"
"1","1","Eye of Duskmantle","mkc","Near Mint","English","","","2025-06-11 02:05:46.097000","27","False","False","0.09"
"1","1","Fact or Fiction","ema","Near Mint","English","","","2025-06-11 02:05:46.097000","48","False","False","0.17"
"1","1","Faerie Miscreant","ori","Near Mint","English","","","2025-06-11 02:05:46.097000","57","False","False","0.12"
"1","1","Faith of the Devoted","akh","Near Mint","English","","","2025-06-11 02:05:46.097000","90","False","False","0.19"
"1","1","Faith of the Devoted","c19","Near Mint","English","","","2025-06-11 02:05:46.097000","112","False","False","0.12"
"1","1","Falkenrath Noble","dsc","Near Mint","English","","","2025-06-11 02:05:46.097000","140","False","False","0.10"
"1","1","Fall of the Thran","dom","Near Mint","English","","","2025-06-11 02:05:46.097000","18","False","False","0.19"
"1","1","Fallowsage","moc","Near Mint","English","","","2025-06-11 02:05:46.097000","223","False","False","0.08"
"1","1","Familiar's Ruse","lrw","Near Mint","English","","","2025-06-11 02:06:23.177000","64","False","False","3.23"
"3","3","Fanatical Offering","lci","Near Mint","English","","","2025-06-11 02:05:46.097000","105","False","False","0.47"
"2","2","Faramir, Field Commander","ltr","Near Mint","English","","","2025-06-11 02:05:46.097000","303","False","False","0.10"
"1","1","Farsight Ritual","woe","Near Mint","English","","","2025-06-11 02:05:46.097000","49","False","False","0.06"
"2","2","Fatal Push","aer","Near Mint","English","","","2025-06-11 02:05:46.097000","57","False","False","1.26"
"1","1","Fate Unraveler","bng","Near Mint","English","","","2025-06-11 02:05:46.097000","68","False","False","1.48"
"1","1","Fate Unraveler","dsc","Near Mint","English","","","2025-06-11 02:05:46.097000","141","False","False","1.35"
"1","1","Fated Return","bng","Near Mint","English","","","2025-06-11 02:05:46.097000","69","False","False","0.23"
"1","1","Favored Hoplite","ths","Near Mint","English","","","2025-06-11 02:05:46.097000","13","False","False","0.10"
"1","1","Fblthp, the Lost","war","Near Mint","English","","","2025-06-11 02:05:46.097000","50","False","False","0.15"
"1","1","Feast of Sanity","mh2","Near Mint","English","","","2025-06-11 02:05:46.097000","84","False","False","0.17"
"1","1","Feed the Swarm","znr","Near Mint","English","","","2025-06-11 02:05:46.097000","102","False","False","0.16"
"5","5","Felidar Guardian","aer","Near Mint","English","","","2025-06-11 02:06:23.177000","19","False","False","2.33"
"1","1","Fell","blb","Near Mint","English","","","2025-06-11 02:05:46.097000","383","False","False","1.13"
"1","1","Fell the Mighty","c14","Near Mint","English","","","2025-06-11 02:05:46.097000","7","False","False","0.26"
"1","1","Fell the Mighty","mkc","Near Mint","English","","","2025-06-11 02:05:46.097000","65","False","False","0.17"
"1","1","Feywild Visitor","clb","Near Mint","English","foil","","2025-06-11 02:05:46.097000","70","False","False","0.61"
"1","1","Field Research","znr","Near Mint","English","foil","","2025-06-11 02:05:46.097000","58","False","False","0.06"
"1","1","Final Act","m3c","Near Mint","English","","","2025-06-11 02:05:46.097000","104","False","False","0.51"
"1","1","Finale of Revelation","m3c","Near Mint","English","foil","","2025-06-11 02:05:46.097000","185","False","False","1.80"
"1","1","Final-Word Phantom","mkc","Near Mint","English","","","2025-06-11 02:05:46.097000","22","False","False","0.17"
"1","1","Five Hundred Year Diary","who","Near Mint","English","foil","","2025-06-11 02:05:46.097000","357","False","False","1.45"
"1","1","Flatline","who","Near Mint","English","foil","","2025-06-11 02:06:23.177000","949","False","False","3.41"
"1","1","Flickerwisp","c14","Near Mint","English","","","2025-06-11 02:05:46.097000","71","False","False","0.22"
"1","1","Flickerwisp","2x2","Near Mint","English","","","2025-06-11 02:05:46.097000","339","False","False","1.96"
"1","1","Floodgate","plst","Near Mint","English","","","2025-06-11 02:05:46.097000","MIR-67","False","False","0.13"
"1","1","Fog Bank","m3c","Near Mint","English","","","2025-06-11 02:05:46.097000","186","False","False","0.13"
"1","1","Font of Magic","clb","Near Mint","English","","","2025-06-11 02:05:46.097000","562","False","False","0.34"
"1","1","Forbidden Alchemy","2x2","Near Mint","English","foil","","2025-06-11 02:05:46.097000","49","False","False","0.05"
"1","1","Foreboding Steamboat","mkc","Near Mint","English","","","2025-06-11 02:05:46.097000","28","False","False","0.07"
"1","1","Forger's Foundry","otc","Near Mint","English","","","2025-06-11 02:05:46.097000","50","False","False","0.20"
"1","1","Forgotten Creation","soi","Near Mint","English","","","2025-06-11 02:05:46.097000","63","False","False","0.37"
"1","1","Forsaken Miner","otj","Near Mint","English","foil","","2025-06-11 02:05:46.097000","88","False","False","0.41"
"1","1","Forsworn Paladin","afr","Near Mint","English","","","2025-06-11 02:05:46.097000","375","False","False","0.30"
"1","1","Forum Familiar","mkm","Near Mint","English","foil","","2025-06-11 02:05:46.097000","16","False","False","0.12"
"3","3","Foul-Tongue Invocation","ima","Near Mint","English","","","2025-06-11 02:05:46.097000","91","False","False","0.07"
"2","2","Frantic Search","dmr","Near Mint","English","foil","","2025-06-11 02:05:46.097000","51","False","False","0.59"
"1","1","Frantic Search","dmr","Near Mint","English","","","2025-06-11 02:05:46.097000","285","False","False","0.32"
"1","1","Fraying Sanity","hou","Near Mint","English","","","2025-06-11 02:05:46.097000","35","False","False","1.20"
"1","1","Fraying Sanity","wot","Near Mint","English","","","2025-06-11 02:05:46.097000","19","False","False","0.19"
"2","2","From Under the Floorboards","c19","Near Mint","English","","","2025-06-11 02:05:46.097000","113","False","False","0.21"
"1","1","Frontier Seeker","otj","Near Mint","English","","","2025-06-11 02:05:46.097000","368","False","False","0.10"
"1","1","Frontline Medic","clb","Near Mint","English","","","2025-06-11 02:05:46.097000","693","False","False","0.14"
"1","1","Galecaster Colossus","c17","Near Mint","English","","","2025-06-11 02:06:23.177000","10","False","False","2.18"
"1","1","Galepowder Mage","lrw","Near Mint","English","","","2025-06-11 02:05:46.097000","15","False","False","0.36"
"1","1","Galepowder Mage","clb","Near Mint","English","","","2025-06-11 02:05:46.097000","694","False","False","0.17"
"2","2","Gandalf, Friend of the Shire","ltr","Near Mint","English","","","2025-06-11 02:05:46.097000","308","False","False","0.05"
"1","1","Gearseeker Serpent","kld","Near Mint","English","","","2025-06-11 02:05:46.097000","48","False","False","0.11"
"1","1","Generous Gift","dmc","Near Mint","English","","","2025-06-11 02:05:46.097000","100","False","False","1.02"
"1","1","Geth, Lord of the Vault","c19","Near Mint","English","","","2025-06-11 02:05:46.097000","114","False","False","0.64"
"1","1","Ghastly Conscription","frf","Near Mint","English","","","2025-06-11 02:05:46.097000","70","False","False","0.30"
"1","1","Ghostly Flicker","mm3","Near Mint","English","foil","","2025-06-11 02:05:46.097000","39","False","False","1.59"
"1","1","Ghostly Flicker","mm3","Near Mint","English","","","2025-06-11 02:05:46.097000","39","False","False","0.89"
"1","1","Giada, Font of Hope","fdn","Near Mint","English","","","2025-06-11 02:06:23.177000","298","False","False","2.08"
"1","1","Gideon Blackblade","rvr","Near Mint","English","","","2025-06-11 02:05:46.097000","20","False","False","0.96"
"1","1","Gideon Jura","m12","Near Mint","English","","","2025-06-11 02:05:46.097000","16","False","False","0.36"
"1","1","Gift of Estates","sta","Near Mint","English","","","2025-06-11 02:05:46.097000","6","False","False","0.93"
"1","1","Gift of Tusks","ogw","Near Mint","English","","","2025-06-11 02:05:46.097000","55","False","False","0.11"
"1","1","Gisela, the Broken Blade","v17","Near Mint","English","foil","","2025-06-11 02:06:23.177000","10","False","False","25.66"
"1","1","Gitaxian Probe","nph","Near Mint","English","","","2025-06-11 02:06:23.177000","35","False","False","3.23"
"1","1","Gleam of Authority","dtk","Near Mint","English","","","2025-06-11 02:05:46.097000","19","False","False","0.26"
"1","1","Gleam of Authority","dtk","Near Mint","English","foil","","2025-06-11 02:05:46.097000","19","False","False","1.19"
"1","1","Glimmer of Genius","m3c","Near Mint","English","","","2025-06-11 02:05:46.097000","187","False","False","0.04"
"1","1","Glint Hawk","som","Near Mint","English","","","2025-06-11 02:05:46.097000","10","False","False","1.01"
"1","1","Glint-Nest Crane","kld","Near Mint","English","","","2025-06-11 02:05:46.097000","50","False","False","0.08"
"1","1","Glorious Protector","clb","Near Mint","English","","","2025-06-11 02:05:46.097000","695","False","False","0.23"
"1","1","Gods Willing","2x2","Near Mint","English","","","2025-06-11 02:05:46.097000","12","False","False","0.09"
"1","1","Gods Willing","sta","Near Mint","English","","","2025-06-11 02:05:46.097000","7","False","False","0.20"
"1","1","Gods Willing","ths","Near Mint","English","","","2025-06-11 02:05:46.097000","16","False","False","0.07"
"1","1","Gollum's Bite","ltr","Near Mint","English","","","2025-06-11 02:05:46.097000","85","False","False","0.06"
"1","1","Gonti, Lord of Luxury","clb","Near Mint","English","","","2025-06-11 02:05:46.097000","753","False","False","0.17"
"1","1","Gothmog, Morgul Lieutenant","ltr","Near Mint","English","","","2025-06-11 02:05:46.097000","87","False","False","0.07"
"1","1","Grasping Shadows // Shadows' Lair","lci","Near Mint","English","","","2025-06-11 02:05:46.097000","108","False","False","0.10"
"1","1","Grave Scrabbler","c19","Near Mint","English","","","2025-06-11 02:05:46.097000","117","False","False","0.06"
"1","1","Grave Titan","mkc","Near Mint","English","","","2025-06-11 02:05:46.097000","129","False","False","0.51"
"2","2","Graveblade Marauder","ori","Near Mint","English","","","2025-06-11 02:05:46.097000","101","False","False","0.11"
"1","1","Graveshifter","m3c","Near Mint","English","","","2025-06-11 02:05:46.097000","198","False","False","0.11"
"1","1","Gray Merchant of Asphodel","dsc","Near Mint","English","","","2025-06-11 02:05:46.097000","142","False","False","0.90"
"1","1","Grell Philosopher","clb","Near Mint","English","","","2025-06-11 02:05:46.097000","616","False","False","0.25"
"1","1","Griffin Aerie","wot","Near Mint","English","","","2025-06-11 02:05:46.097000","5","False","False","0.10"
"1","1","Grim Haruspex","ktk","Near Mint","English","","","2025-06-11 02:05:46.097000","73","False","False","1.05"
"1","1","Grim Haruspex","clb","Near Mint","English","","","2025-06-11 02:06:23.177000","754","False","False","3.78"
"1","1","Grim Return","m14","Near Mint","English","","","2025-06-11 02:05:46.097000","100","False","False","0.48"
"1","1","Grim Servant","mh3","Near Mint","English","","","2025-06-11 02:05:46.097000","97","False","False","0.09"
"1","1","Gríma Wormtongue","ltr","Near Mint","English","","","2025-06-11 02:05:46.097000","88","False","False","0.07"
"1","1","Grisly Spectacle","mm3","Near Mint","English","","","2025-06-11 02:05:46.097000","73","False","False","0.10"
"1","1","Gruesome Menagerie","grn","Near Mint","English","","","2025-06-11 02:05:46.097000","71","False","False","0.12"
"1","1","Guardian Kirin","mh2","Near Mint","English","","","2025-06-11 02:05:46.097000","15","False","False","0.02"
"1","1","Guardian of Ghirapur","mom","Near Mint","English","","","2025-06-11 02:05:46.097000","16","False","False","0.12"
"2","2","Gurmag Angler","frf","Near Mint","English","","","2025-06-11 02:05:46.097000","72","False","False","0.13"
"1","1","Gush","mb2","Near Mint","English","","","2025-06-11 02:05:46.097000","164","False","False","1.63"
"1","1","Hallowed Spiritkeeper","c14","Near Mint","English","","","2025-06-11 02:05:46.097000","8","False","False","0.60"
"1","1","Harbinger of the Tides","ori","Near Mint","English","","","2025-06-11 02:05:46.097000","58","False","False","0.37"
"1","1","Harper Recruiter","clb","Near Mint","English","","","2025-06-11 02:05:46.097000","659","False","False","0.15"
"1","1","Haunt of the Dead Marshes","ltr","Near Mint","English","","","2025-06-11 02:05:46.097000","90","False","False","0.05"
"1","1","Heartless Conscription","otc","Near Mint","English","","","2025-06-11 02:05:46.097000","57","False","False","0.36"
"1","1","Hedonist's Trove","c19","Near Mint","English","","","2025-06-11 02:05:46.097000","119","False","False","0.09"
"1","1","Heliod's Pilgrim","m15","Near Mint","English","","","2025-06-11 02:05:46.097000","14","False","False","0.12"
"1","1","Herald of Anafenza","ktk","Near Mint","English","","","2025-06-11 02:05:46.097000","12","False","False","0.17"
"1","1","Herald of the Forgotten","c20","Near Mint","English","","","2025-06-11 02:05:46.097000","27","False","False","0.22"
"1","1","Hero of Iroas","bng","Near Mint","English","","","2025-06-11 02:05:46.097000","17","False","False","0.51"
"3","3","Hero of Precinct One","dmc","Near Mint","English","","","2025-06-11 02:05:46.097000","101","False","False","0.24"
"1","1","Hero of Precinct One","rna","Near Mint","English","","","2025-06-11 02:05:46.097000","11","False","False","0.27"
"1","1","Hero's Downfall","ths","Near Mint","English","","","2025-06-11 02:05:46.097000","90","False","False","0.29"
"1","1","Hero's Downfall","dmc","Near Mint","English","","","2025-06-11 02:05:46.097000","112","False","False","0.23"
"1","1","Hidden Dragonslayer","mkc","Near Mint","English","","","2025-06-11 02:05:46.097000","69","False","False","0.08"
"2","2","Hieroglyphic Illumination","akh","Near Mint","English","","","2025-06-11 02:05:46.097000","57","False","False","0.04"
"1","1","High Tide","fem","Near Mint","English","","","2025-06-11 02:05:46.097000","18a","False","False","0.83"
"1","1","High Tide","fem","Near Mint","English","","","2025-06-11 02:05:46.097000","18b","False","False","1.15"
"1","1","Hikari, Twilight Guardian","mm2","Near Mint","English","foil","","2025-06-11 02:05:46.097000","18","False","False","0.24"
"1","1","Hithlain Knots","ltr","Near Mint","English","","","2025-06-11 02:05:46.097000","54","False","False","0.06"
"1","1","Hixus, Prison Warden","ori","Near Mint","English","","","2025-06-11 02:05:46.097000","19","False","False","0.15"
"1","1","Hobbit's Sting","ltr","Near Mint","English","foil","","2025-06-11 02:05:46.097000","471","False","False","0.26"
"1","1","Honor of the Pure","md1","Near Mint","English","","","2025-06-11 02:05:46.097000","6","False","False","0.62"
"1","1","Hop to It","blb","Near Mint","English","foil","","2025-06-11 02:05:46.097000","381","False","False","1.05"
"1","1","Hop to It","blb","Near Mint","English","","","2025-06-11 02:05:46.097000","381","False","False","0.39"
"1","1","Horobi, Death's Wail","mul","Near Mint","English","","","2025-06-11 02:05:46.097000","14","False","False","0.18"
"1","1","Hostile Investigator","big","Near Mint","English","foil","","2025-06-11 02:06:23.177000","40","False","False","7.60"
"1","1","Howl from Beyond","dmr","Near Mint","English","","","2025-06-11 02:05:46.097000","88","False","False","0.02"
"1","1","Hunted Bonebrute","mkm","Near Mint","English","foil","","2025-06-11 02:05:46.097000","400","False","False","0.47"
"1","1","Hunted Witness","grn","Near Mint","English","","","2025-06-11 02:05:46.097000","15","False","False","0.13"
"1","1","Hurkyl's Recall","mm2","Near Mint","English","","","2025-06-11 02:05:46.097000","48","False","False","0.97"
"1","1","Hydroblast","ema","Near Mint","English","","","2025-06-11 02:06:23.177000","55","False","False","2.61"
"1","1","Hymn to Tourach","ema","Near Mint","English","","","2025-06-11 02:05:46.097000","92","False","False","0.59"
"1","1","Icefall Regent","dtk","Near Mint","English","","","2025-06-11 02:05:46.097000","58","False","False","0.62"
"1","1","Icy Blast","ktk","Near Mint","English","","","2025-06-11 02:05:46.097000","42","False","False","0.69"
"1","1","Ill-Gotten Gains","cns","Near Mint","English","","","2025-06-11 02:05:46.097000","114","False","False","0.71"
"1","1","Illicit Masquerade","mkm","Near Mint","English","","","2025-06-11 02:05:46.097000","88","False","False","0.17"
"1","1","Illusionist's Gambit","c13","Near Mint","English","","","2025-06-11 02:05:46.097000","47","False","False","0.49"
"1","1","Impulse","dmu","Near Mint","English","","","2025-06-11 02:05:46.097000","55","False","False","0.07"
"1","1","Impulse","dmr","Near Mint","English","","","2025-06-11 02:05:46.097000","56","False","False","0.09"
"1","1","In Garruk's Wake","c19","Near Mint","English","","","2025-06-11 02:06:23.177000","121","False","False","2.94"
"1","1","Increasing Ambition","dka","Near Mint","English","","","2025-06-11 02:05:46.097000","69","False","False","0.66"
"1","1","Indomitable Archangel","mm2","Near Mint","English","","","2025-06-11 02:05:46.097000","19","False","False","0.41"
"1","1","Inexorable Tide","mm2","Near Mint","English","","","2025-06-11 02:06:23.177000","49","False","False","3.86"
"1","1","Infernal Grasp","tdc","Near Mint","English","","","2025-06-11 02:05:46.097000","182","False","False","0.22"
"1","1","Infernal Tutor","rvr","Near Mint","English","","","2025-06-11 02:05:46.097000","326","False","False","0.30"
"3","3","Inquisition of Kozilek","mm3","Near Mint","English","","","2025-06-11 02:05:46.097000","75","False","False","0.50"
"1","1","Inscription of Ruin","znr","Near Mint","English","foil","","2025-06-11 02:05:46.097000","108","False","False","0.12"
"1","1","Intangible Virtue","plst","Near Mint","English","","","2025-06-11 02:05:46.097000","ISD-19","False","False","0.13"
"1","1","Intruder Alarm","wot","Near Mint","English","","","2025-06-11 02:05:46.097000","21","False","False","1.19"
"1","1","Invasion of Segovia // Caetus, Sea Tyrant of Segovia","mom","Near Mint","English","","","2025-06-11 02:05:46.097000","63","False","False","0.79"
"1","1","Invasion of Vryn // Overloaded Mage-Ring","mom","Near Mint","English","","","2025-06-11 02:05:46.097000","64","False","False","0.11"
"1","1","Inverted Iceberg // Iceberg Titan","lci","Near Mint","English","","","2025-06-11 02:05:46.097000","60","False","False","0.06"
"1","1","Invoke Justice","neo","Near Mint","English","","","2025-06-11 02:05:46.097000","21","False","False","0.14"
"1","1","Ioreth of the Healing House","ltr","Near Mint","English","","","2025-06-11 02:05:46.097000","56","False","False","0.12"
"1","1","Iridescent Vinelasher","blb","Near Mint","English","","","2025-06-11 02:06:23.177000","359","False","False","2.15"
"1","1","Isareth the Awakener","j25","Near Mint","English","","","2025-06-11 02:05:46.097000","68","False","False","0.20"
"1","1","Jace's Archivist","c13","Near Mint","English","","","2025-06-11 02:06:23.177000","48","False","False","6.57"
"1","1","Jace's Phantasm","ima","Near Mint","English","","","2025-06-11 02:05:46.097000","60","False","False","0.24"
"1","1","Jailbreak Scheme","otj","Near Mint","English","foil","","2025-06-11 02:05:46.097000","53","False","False","0.06"
"1","1","Jazal Goldmane","dmc","Near Mint","English","","","2025-06-11 02:05:46.097000","102","False","False","0.23"
"1","1","Jeskai Elder","2x2","Near Mint","English","foil","","2025-06-11 02:05:46.097000","53","False","False","0.06"
"1","1","Jin-Gitaxias // The Great Synthesis","mom","Near Mint","English","","","2025-06-11 02:06:23.177000","65","False","False","5.69"
"1","1","Jolted Awake","mh3","Near Mint","English","","","2025-06-11 02:05:46.097000","33","False","False","0.02"
"1","1","Josu Vess, Lich Knight","dmc","Near Mint","English","","","2025-06-11 02:05:46.097000","113","False","False","0.14"
"2","2","Journey to Nowhere","zen","Near Mint","English","","","2025-06-11 02:05:46.097000","14","False","False","0.34"
"1","1","Journey to Oblivion","znr","Near Mint","English","foil","","2025-06-11 02:05:46.097000","17","False","False","0.11"
"1","1","Junji, the Midnight Sky","neo","Near Mint","English","","","2025-06-11 02:05:46.097000","102","False","False","1.03"
"1","1","Junji, the Midnight Sky","m3c","Near Mint","English","","","2025-06-11 02:05:46.097000","199","False","False","0.51"
"1","1","Kabira Takedown // Kabira Plateau","znr","Near Mint","English","foil","","2025-06-11 02:05:46.097000","19","False","False","0.41"
"2","2","Kami of the Crescent Moon","cn2","Near Mint","English","","","2025-06-11 02:06:23.177000","113","False","False","4.86"
"1","1","Karn's Temporal Sundering","dom","Near Mint","English","","","2025-06-11 02:05:46.097000","55","False","False","1.85"
"2","2","Kasmina, Enigmatic Mentor","war","Near Mint","English","","","2025-06-11 02:05:46.097000","56","False","False","0.16"
"1","1","Kasmina, Enigmatic Mentor","j22","Near Mint","English","","","2025-06-11 02:05:46.097000","60","False","False","0.46"
"1","1","Kederekt Parasite","dsc","Near Mint","English","","","2025-06-11 02:06:23.177000","144","False","False","3.33"
"1","1","Keep Watch","jud","Near Mint","English","","","2025-06-11 02:05:46.097000","43","False","False","1.01"
"1","1","Keeper of the Accord","mkc","Near Mint","English","","","2025-06-11 02:05:46.097000","70","False","False","0.20"
"1","1","Kefnet the Mindful","akh","Near Mint","English","","","2025-06-11 02:05:46.097000","59","False","False","0.34"
"1","1","Keiga, the Tide Star","mma","Near Mint","English","","","2025-06-11 02:05:46.097000","48","False","False","1.82"
"1","1","Keiga, the Tide Star","ima","Near Mint","English","","","2025-06-11 02:06:23.177000","63","False","False","2.28"
"1","1","Kemba, Kha Regent","c14","Near Mint","English","","","2025-06-11 02:05:46.097000","75","False","False","0.21"
"1","1","Killing Wave","avr","Near Mint","English","","","2025-06-11 02:05:46.097000","111","False","False","1.38"
"1","1","Kindred Discovery","clb","Near Mint","English","","","2025-06-11 02:06:23.177000","565","False","False","7.06"
"1","1","Kindred Dominance","c17","Near Mint","English","","","2025-06-11 02:06:23.177000","18","False","False","10.45"
"1","1","King Macar, the Gold-Cursed","jou","Near Mint","English","","","2025-06-11 02:05:46.097000","74","False","False","0.42"
"1","1","Knights of Dol Amroth","ltr","Near Mint","English","","","2025-06-11 02:05:46.097000","432","False","False","0.06"
"1","1","Kor Skyfisher","mm3","Near Mint","English","","","2025-06-11 02:05:46.097000","11","False","False","0.44"
"1","1","Kor Skyfisher","zen","Near Mint","English","","","2025-06-11 02:05:46.097000","23","False","False","0.37"
"1","1","Kothophed, Soul Hoarder","dmc","Near Mint","English","","","2025-06-11 02:05:46.097000","114","False","False","0.16"
"1","1","Kutzil's Flanker","lci","Near Mint","English","","","2025-06-11 02:05:46.097000","20","False","False","0.37"
"1","1","Lae'zel, Vlaakith's Champion","clb","Near Mint","English","","","2025-06-11 02:05:46.097000","378","False","False","1.44"
"1","1","Languish","ori","Near Mint","English","","","2025-06-11 02:05:46.097000","105","False","False","0.40"
"1","1","Lashwrithe","nph","Near Mint","English","","","2025-06-11 02:05:46.097000","143","False","False","0.70"
"1","1","Legion Vanguard","mh2","Near Mint","English","","","2025-06-11 02:05:46.097000","90","False","False","0.04"
"1","1","Leyline Binding","otp","Near Mint","English","","","2025-06-11 02:05:46.097000","4","False","False","1.14"
"1","1","Leyline of Anticipation","m11","Near Mint","English","","","2025-06-11 02:05:46.097000","61","False","False","1.99"
"4","4","Leyline of Sanctity","mm2","Near Mint","English","","","2025-06-11 02:05:46.097000","23","False","False","0.52"
"1","1","Leyline of Sanctity","wot","Near Mint","English","","","2025-06-11 02:05:46.097000","10","False","False","0.33"
"1","1","Leyline of the Meek","gpt","Near Mint","English","","","2025-06-11 02:05:46.097000","10","False","False","1.34"
"1","1","Leyline of Transformation","dsk","Near Mint","English","","","2025-06-11 02:05:46.097000","63","False","False","0.31"
"1","1","Liliana of the Veil","isd","Near Mint","English","","","2025-06-11 02:06:23.177000","105","False","False","18.36"
"1","1","Liliana, Death's Majesty","m3c","Near Mint","English","","","2025-06-11 02:05:46.097000","200","False","False","0.42"
"1","1","Liliana's Elite","2x2","Near Mint","English","foil","","2025-06-11 02:05:46.097000","82","False","False","0.08"
"1","1","Lin Sivvi, Defiant Hero","slc","Near Mint","English","","","2025-06-11 02:05:46.097000","2000","False","False","0.62"
"1","1","Living Conundrum","mkm","Near Mint","English","","","2025-06-11 02:05:46.097000","63","False","False","0.03"
"1","1","Loan Shark","otj","Near Mint","English","foil","","2025-06-11 02:05:46.097000","55","False","False","0.14"
"1","1","Localized Destruction","m3c","Near Mint","English","","","2025-06-11 02:05:46.097000","93","False","False","0.09"
"1","1","Logic Knot","mma","Near Mint","English","","","2025-06-11 02:05:46.097000","51","False","False","0.18"
"2","2","Lone Missionary","roe","Near Mint","English","","","2025-06-11 02:05:46.097000","34","False","False","0.18"
"1","1","Lone Missionary","mm3","Near Mint","English","","","2025-06-11 02:05:46.097000","14","False","False","0.15"
"1","1","Long-Term Plans","scg","Near Mint","English","","","2025-06-11 02:06:23.177000","38","False","False","4.73"
"1","1","Loran of the Third Path","mkc","Near Mint","English","","","2025-06-11 02:06:23.177000","71","False","False","2.27"
"1","1","Lorcan, Warlock Collector","afc","Near Mint","English","","","2025-06-11 02:05:46.097000","27","False","False","0.49"
"1","1","Lord of Change","40k","Near Mint","English","","","2025-06-11 02:06:23.177000","24","False","False","3.51"
"1","1","Lord Skitter, Sewer King","woe","Near Mint","English","","","2025-06-11 02:05:46.097000","97","False","False","1.41"
"1","1","Lórien Revealed","ltr","Near Mint","English","","","2025-06-11 02:05:46.097000","60","False","False","1.25"
"1","1","Lost in the Maze","mkm","Near Mint","English","","","2025-06-11 02:05:46.097000","395","False","False","0.29"
"1","1","Lost Isle Calling","ltr","Near Mint","English","","","2025-06-11 02:05:46.097000","61","False","False","0.11"
"1","1","Lost to Legend","ltr","Near Mint","English","","","2025-06-11 02:05:46.097000","473","False","False","0.15"
"1","1","Loyal Drake","c18","Near Mint","English","","","2025-06-11 02:06:23.177000","10","False","False","2.17"
"1","1","Lullmage Mentor","zen","Near Mint","English","","","2025-06-11 02:06:23.177000","54","False","False","2.02"
"1","1","Lullmage's Domination","znr","Near Mint","English","foil","","2025-06-11 02:05:46.097000","66","False","False","0.24"
"1","1","Luminarch Aspirant","znr","Near Mint","English","foil","","2025-06-11 02:05:46.097000","319","False","False","1.15"
"1","1","Mage's Attendant","clb","Near Mint","English","","","2025-06-11 02:05:46.097000","698","False","False","0.11"
"2","2","Magus of the Abyss","c17","Near Mint","English","","","2025-06-11 02:05:46.097000","115","False","False","0.21"
"1","1","Magus of the Coffers","plc","Near Mint","English","","","2025-06-11 02:06:23.177000","73","False","False","4.58"
"1","1","Make a Stand","ogw","Near Mint","English","foil","","2025-06-11 02:05:46.097000","26","False","False","0.46"
"1","1","Makeshift Mannequin","lrw","Near Mint","English","","","2025-06-11 02:05:46.097000","124","False","False","0.33"
"1","1","Malakir Blood-Priest","clb","Near Mint","English","","","2025-06-11 02:05:46.097000","760","False","False","0.10"
"1","1","Malcolm, Alluring Scoundrel","lci","Near Mint","English","","","2025-06-11 02:05:46.097000","293","False","False","0.43"
"1","1","Mana Leak","mm2","Near Mint","English","","","2025-06-11 02:05:46.097000","50","False","False","0.19"
"2","2","Mana Leak","ima","Near Mint","English","","","2025-06-11 02:05:46.097000","66","False","False","0.18"
"2","2","Mana Leak","2x2","Near Mint","English","foil","","2025-06-11 02:05:46.097000","58","False","False","0.24"
"1","1","Man-o'-War","dmr","Near Mint","English","","","2025-06-11 02:05:46.097000","58","False","False","0.03"
"1","1","March from the Black Gate","ltr","Near Mint","English","","","2025-06-11 02:05:46.097000","94","False","False","0.11"
"1","1","March of the Drowned","xln","Near Mint","English","","","2025-06-11 02:05:46.097000","112","False","False","0.12"
"1","1","March of the Machines","mrd","Near Mint","English","","","2025-06-11 02:05:46.097000","42","False","False","0.53"
"1","1","March of Wretched Sorrow","neo","Near Mint","English","","","2025-06-11 02:05:46.097000","111","False","False","0.21"
"1","1","Marionette Apprentice","mh3","Near Mint","English","","","2025-06-11 02:05:46.097000","100","False","False","0.69"
"1","1","Marionette Master","kld","Near Mint","English","","","2025-06-11 02:05:46.097000","90","False","False","1.51"
"1","1","Martial Coup","v14","Near Mint","English","foil","","2025-06-11 02:05:46.097000","9","False","False","0.80"
"1","1","Martial Coup","c14","Near Mint","English","","","2025-06-11 02:05:46.097000","78","False","False","0.29"
"3","3","Martyr of Sands","csp","Near Mint","English","","","2025-06-11 02:05:46.097000","15","False","False","0.30"
"1","1","Martyr's Bond","plst","Near Mint","English","","","2025-06-11 02:05:46.097000","CMD-19","False","False","1.19"
"1","1","Mask of Griselbrand","dsc","Near Mint","English","","","2025-06-11 02:05:46.097000","145","False","False","0.44"
"1","1","Mass Calcify","m15","Near Mint","English","","","2025-06-11 02:05:46.097000","18","False","False","1.21"
"1","1","Massacre Girl","dsc","Near Mint","English","","","2025-06-11 02:05:46.097000","146","False","False","0.19"
"1","1","Massacre Wurm","mkc","Near Mint","English","","","2025-06-11 02:05:46.097000","130","False","False","1.23"
"1","1","Massacre Wurm","dsc","Near Mint","English","","","2025-06-11 02:05:46.097000","147","False","False","1.02"
"1","1","Master of Dark Rites","lcc","Near Mint","English","","","2025-06-11 02:06:23.177000","51","False","False","9.45"
"1","1","Master of Pearls","ktk","Near Mint","English","foil","","2025-06-11 02:05:46.097000","18","False","False","0.44"
"1","1","Mastery of the Unseen","mkc","Near Mint","English","","","2025-06-11 02:05:46.097000","74","False","False","0.05"
"1","1","Mausoleum Secrets","grn","Near Mint","English","","","2025-06-11 02:05:46.097000","75","False","False","0.65"
"1","1","Meeting of Minds","mom","Near Mint","English","","","2025-06-11 02:05:46.097000","66","False","False","0.08"
"1","1","Memory Lapse","ddm","Near Mint","English","","","2025-06-11 02:05:46.097000","24","False","False","0.38"
"1","1","Mentor of the Meek","2x2","Near Mint","English","foil","","2025-06-11 02:05:46.097000","17","False","False","0.39"
"1","1","Mephitic Draught","lci","Near Mint","English","","","2025-06-11 02:05:46.097000","112","False","False","0.05"
"1","1","Metamorphic Blast","otj","Near Mint","English","foil","","2025-06-11 02:05:46.097000","57","False","False","0.07"
"1","1","Midnight Haunting","c14","Near Mint","English","","","2025-06-11 02:05:46.097000","80","False","False","0.13"
"1","1","Mikaeus, the Lunarch","clb","Near Mint","English","","","2025-06-11 02:05:46.097000","700","False","False","0.27"
"1","1","Militia Bugler","2x2","Near Mint","English","","","2025-06-11 02:05:46.097000","19","False","False","0.11"
"1","1","Mind Flayer","afr","Near Mint","English","","","2025-06-11 02:05:46.097000","308","False","False","0.29"
"1","1","Mind Games","sth","Near Mint","English","","","2025-06-11 02:05:46.097000","38","False","False","0.23"
"1","1","Mind Shatter","mm3","Near Mint","English","foil","","2025-06-11 02:05:46.097000","77","False","False","0.81"
"1","1","Mind Spring","ddt","Near Mint","English","","","2025-06-11 02:05:46.097000","14","False","False","0.30"
"1","1","Mindblade Render","clb","Near Mint","English","","","2025-06-11 02:05:46.097000","762","False","False","0.14"
"1","1","Mindlink Mech","neo","Near Mint","English","foil","","2025-06-11 02:05:46.097000","448","False","False","0.23"
"1","1","Mind's Desire","v16","Near Mint","English","foil","","2025-06-11 02:05:46.097000","8","False","False","0.88"
"1","1","Minn, Wily Illusionist","afc","Near Mint","English","","","2025-06-11 02:06:23.177000","285","False","False","8.34"
"1","1","Mire in Misery","c19","Near Mint","English","","","2025-06-11 02:05:46.097000","19","False","False","0.52"
"1","1","Mirror Entity","clb","Near Mint","English","","","2025-06-11 02:05:46.097000","701","False","False","0.86"
"1","1","Mirror Entity","c16","Near Mint","English","","","2025-06-11 02:05:46.097000","70","False","False","0.54"
"1","1","Misinformation","all","Near Mint","English","","","2025-06-11 02:05:46.097000","56","False","False","0.38"
"2","2","Mizzium Meddler","pori","Near Mint","English","foil","","2025-06-11 02:05:46.097000","64s","False","False","0.24"
"1","1","Mobilization","c14","Near Mint","English","","","2025-06-11 02:05:46.097000","81","False","False","0.74"
"1","1","Mocking Doppelganger","clb","Near Mint","English","","","2025-06-11 02:05:46.097000","617","False","False","1.34"
"1","1","Moira, Urborg Haunt","dmc","Near Mint","English","","","2025-06-11 02:05:46.097000","6","False","False","0.13"
"2","2","Monastery Siege","frf","Near Mint","English","","","2025-06-11 02:06:23.177000","43","False","False","2.71"
"1","1","Moon-Circuit Hacker","neo","Near Mint","English","foil","","2025-06-11 02:05:46.097000","334","False","False","0.34"
"1","1","Morbid Opportunist","tdc","Near Mint","English","","","2025-06-11 02:05:46.097000","188","False","False","0.17"
"1","1","Mortivore","ody","Near Mint","English","","","2025-06-11 02:06:23.177000","152","False","False","2.62"
"1","1","Muddle the Mixture","rav","Near Mint","English","","","2025-06-11 02:05:46.097000","60","False","False","1.68"
"1","1","Mulldrifter","mm2","Near Mint","English","","","2025-06-11 02:05:46.097000","51","False","False","0.28"
"1","1","Mulldrifter","2x2","Near Mint","English","","","2025-06-11 02:05:46.097000","349","False","False","0.91"
"1","1","Mulldrifter","mkc","Near Mint","English","","","2025-06-11 02:05:46.097000","111","False","False","0.21"
"1","1","Murderous Compulsion","c19","Near Mint","English","","","2025-06-11 02:05:46.097000","122","False","False","0.07"
"2","2","Murderous Cut","ktk","Near Mint","English","","","2025-06-11 02:05:46.097000","81","False","False","0.27"
"1","1","Mystic of the Hidden Way","ugin","Near Mint","English","","","2025-06-11 02:05:46.097000","48","False","False","0.21"
"2","2","Mystical Teachings","mm3","Near Mint","English","foil","","2025-06-11 02:05:46.097000","44","False","False","0.30"
"1","1","Naban, Dean of Iteration","j25","Near Mint","English","","","2025-06-11 02:05:46.097000","61","False","False","0.29"
"1","1","Nadier's Nightblade","cmm","Near Mint","English","","","2025-06-11 02:05:46.097000","641","False","False","0.20"
"1","1","Nadir Kraken","moc","Near Mint","English","","","2025-06-11 02:05:46.097000","228","False","False","0.25"
"1","1","Nantuko Husk","ori","Near Mint","English","","","2025-06-11 02:05:46.097000","109","False","False","0.09"
"1","1","Narcomoeba","mma","Near Mint","English","","","2025-06-11 02:05:46.097000","55","False","False","0.35"
"1","1","Narcomoeba","rvr","Near Mint","English","foil","","2025-06-11 02:05:46.097000","451","False","False","1.86"
"3","3","Narset, Parter of Veils","war","Near Mint","English","","","2025-06-11 02:05:46.097000","61","False","False","0.84"
"1","1","Narset, Parter of Veils","blc","Near Mint","English","","","2025-06-11 02:06:23.177000","76","False","False","2.63"
"1","1","Narset's Reversal","war","Near Mint","English","","","2025-06-11 02:06:23.177000","62","False","False","2.93"
"1","1","Nazgûl","ltr","Near Mint","English","","","2025-06-11 02:06:23.177000","334","False","False","10.16"
"1","1","Near-Death Experience","v16","Near Mint","English","foil","","2025-06-11 02:05:46.097000","10","False","False","0.49"
"1","1","Necromantic Selection","c17","Near Mint","English","","","2025-06-11 02:05:46.097000","117","False","False","0.44"
"1","1","Necropolis Fiend","ktk","Near Mint","English","","","2025-06-11 02:05:46.097000","82","False","False","0.11"
"1","1","Neerdiv, Devious Diver","j25","Near Mint","English","","","2025-06-11 02:06:23.177000","36","False","False","2.87"
"1","1","Negate","dtk","Near Mint","English","","","2025-06-11 02:05:46.097000","65","False","False","0.11"
"1","1","Negate","ogw","Near Mint","English","","","2025-06-11 02:05:46.097000","59","False","False","0.15"
"1","1","Negate","dmu","Near Mint","English","","","2025-06-11 02:05:46.097000","58","False","False","0.50"
"1","1","Negate","mom","Near Mint","English","foil","","2025-06-11 02:05:46.097000","68","False","False","0.51"
"1","1","Nekrataal","9ed","Near Mint","English","","","2025-06-11 02:05:46.097000","149","False","False","0.25"
"1","1","Nephalia Moondrakes","soi","Near Mint","English","","","2025-06-11 02:05:46.097000","75","False","False","0.24"
"1","1","Neutralizing Blast","frf","Near Mint","English","foil","","2025-06-11 02:05:46.097000","44","False","False","0.33"
"1","1","Nighthawk Scavenger","clb","Near Mint","English","","","2025-06-11 02:05:46.097000","763","False","False","0.43"
"1","1","Nightmare Unmaking","c19","Near Mint","English","","","2025-06-11 02:05:46.097000","20","False","False","0.10"
"3","3","Night's Whisper","ema","Near Mint","English","","","2025-06-11 02:05:46.097000","100","False","False","1.52"
"1","1","Night's Whisper","dmc","Near Mint","English","","","2025-06-11 02:06:23.177000","115","False","False","2.15"
"1","1","Nightshade Assassin","c19","Near Mint","English","","","2025-06-11 02:05:46.097000","123","False","False","0.03"
"1","1","Nightshade Harvester","dsc","Near Mint","English","","","2025-06-11 02:05:46.097000","150","False","False","0.14"
"1","1","Nightveil Sprite","mkc","Near Mint","English","","","2025-06-11 02:05:46.097000","113","False","False","0.06"
"1","1","Nihil Spellbomb","a25","Near Mint","English","","","2025-06-11 02:05:46.097000","226","False","False","0.94"
"1","1","Nihilistic Glee","dis","Near Mint","English","","","2025-06-11 02:05:46.097000","50","False","False","0.16"
"1","1","Nimble Obstructionist","hou","Near Mint","English","","","2025-06-11 02:05:46.097000","40","False","False","0.30"
"1","1","Nimble Trapfinder","znr","Near Mint","English","foil","","2025-06-11 02:05:46.097000","72","False","False","0.15"
"1","1","Ninja of the Deep Hours","c18","Near Mint","English","","","2025-06-11 02:05:46.097000","95","False","False","1.20"
"1","1","No Mercy","dmr","Near Mint","English","","","2025-06-11 02:06:23.177000","95","False","False","17.71"
"1","1","No Witnesses","mkm","Near Mint","English","foil","","2025-06-11 02:05:46.097000","27","False","False","0.18"
"1","1","Nomads' Assembly","c14","Near Mint","English","","","2025-06-11 02:05:46.097000","82","False","False","0.57"
"1","1","Now for Wrath, Now for Ruin!","ltr","Near Mint","English","","","2025-06-11 02:05:46.097000","24","False","False","0.07"
"1","1","Ob Nixilis Reignited","c19","Near Mint","English","","","2025-06-11 02:05:46.097000","124","False","False","0.48"
"1","1","Ob Nixilis, the Hate-Twisted","war","Near Mint","English","","","2025-06-11 02:05:46.097000","100","False","False","0.63"
"1","1","Oblivion Ring","ala","Near Mint","English","foil","","2025-06-11 02:05:46.097000","20","False","False","0.67"
"1","1","Obsessive Search","dmr","Near Mint","English","foil","","2025-06-11 02:05:46.097000","61","False","False","0.16"
"1","1","Oketra's Last Mercy","hou","Near Mint","English","","","2025-06-11 02:05:46.097000","18","False","False","0.27"
"1","1","Oketra's Last Mercy","phou","Near Mint","English","foil","","2025-06-11 02:05:46.097000","18s","False","False","1.04"
"1","1","Oltec Matterweaver","big","Near Mint","English","","","2025-06-11 02:06:23.177000","68","False","False","4.36"
"1","1","Omen Hawker","mom","Near Mint","English","","","2025-06-11 02:05:46.097000","70","False","False","0.19"
"1","1","On the Job","mkm","Near Mint","English","foil","","2025-06-11 02:05:46.097000","292","False","False","0.04"
"1","1","One with the Machine","m19","Near Mint","English","","","2025-06-11 02:05:46.097000","66","False","False","0.25"
"1","1","Oona's Prowler","2x2","Near Mint","English","","","2025-06-11 02:05:46.097000","85","False","False","0.13"
"3","3","Opt","xln","Near Mint","English","","","2025-06-11 02:05:46.097000","65","False","False","0.10"
"1","1","Orator of Ojutai","f15","Near Mint","English","foil","","2025-06-11 02:05:46.097000","9","False","False","0.35"
"1","1","Orazca Puzzle-Door","lci","Near Mint","English","","","2025-06-11 02:05:46.097000","68","False","False","0.02"
"1","1","Ordeal of Heliod","a25","Near Mint","English","","","2025-06-11 02:05:46.097000","27","False","False","0.14"
"1","1","Ordeal of Heliod","ths","Near Mint","English","","","2025-06-11 02:05:46.097000","25","False","False","0.09"
"1","1","Ordeal of Thassa","ths","Near Mint","English","","","2025-06-11 02:05:46.097000","58","False","False","0.08"
"1","1","Order of Whiteclay","clb","Near Mint","English","","","2025-06-11 02:05:46.097000","703","False","False","0.18"
"1","1","Oswald Fiddlebender","afr","Near Mint","English","foil","","2025-06-11 02:05:46.097000","304","False","False","1.23"
"1","1","Outrageous Robbery","mkm","Near Mint","English","","","2025-06-11 02:05:46.097000","402","False","False","0.70"
"1","1","Overseer of the Damned","c19","Near Mint","English","","","2025-06-11 02:05:46.097000","125","False","False","0.26"
"1","1","Overseer of the Damned","mkc","Near Mint","English","","","2025-06-11 02:05:46.097000","132","False","False","0.19"
"1","1","Overwhelming Forces","otp","Near Mint","English","","","2025-06-11 02:05:46.097000","17","False","False","0.47"
"1","1","Overwhelming Splendor","hou","Near Mint","English","","","2025-06-11 02:06:23.177000","19","False","False","7.39"
"1","1","Ozox, the Clattering King","j25","Near Mint","English","","","2025-06-11 02:05:46.097000","44","False","False","0.15"
"1","1","Padeem, Consul of Innovation","j25","Near Mint","English","","","2025-06-11 02:05:46.097000","62","False","False","0.80"
"1","1","Pain Seer","bng","Near Mint","English","","","2025-06-11 02:05:46.097000","80","False","False","0.17"
"1","1","Painful Truths","bfz","Near Mint","English","","","2025-06-11 02:05:46.097000","120","False","False","0.32"
"1","1","Paradoxical Outcome","kld","Near Mint","English","","","2025-06-11 02:05:46.097000","60","False","False","0.37"
"1","1","Part the Waterveil","bfz","Near Mint","English","","","2025-06-11 02:05:46.097000","80","False","False","0.77"
"1","1","Path of the Ghosthunter","moc","Near Mint","English","","","2025-06-11 02:05:46.097000","18","False","False","0.14"
"1","1","Path to Exile","mkc","Near Mint","English","","","2025-06-11 02:05:46.097000","78","False","False","0.96"
"1","1","Path to Exile","2x2","Near Mint","English","","","2025-06-11 02:05:46.097000","23","False","False","1.30"
"2","2","Path to Exile","mma","Near Mint","English","","","2025-06-11 02:05:46.097000","25","False","False","0.98"
"1","1","Patrician's Scorn","fut","Near Mint","English","","","2025-06-11 02:05:46.097000","29","False","False","0.25"
"1","1","Pearl Lake Ancient","ktk","Near Mint","English","","","2025-06-11 02:05:46.097000","49","False","False","0.33"
"1","1","Peer Through Depths","chk","Near Mint","English","","","2025-06-11 02:05:46.097000","78","False","False","0.25"
"1","1","Pelargir Survivor","ltr","Near Mint","English","","","2025-06-11 02:05:46.097000","515","False","False","0.15"
"1","1","Peregrine Drake","ema","Near Mint","English","","","2025-06-11 02:05:46.097000","64","False","False","1.41"
"1","1","Peregrine Drake","usg","Near Mint","English","","","2025-06-11 02:05:46.097000","88","False","False","0.84"
"2","2","Peregrine Drake","dmr","Near Mint","English","","","2025-06-11 02:05:46.097000","65","False","False","0.17"
"1","1","Peregrine Drake","dmr","Near Mint","English","","","2025-06-11 02:05:46.097000","292","False","False","0.25"
"1","1","Perilous Research","cmd","Near Mint","English","","","2025-06-11 02:05:46.097000","54","False","False","0.56"
"1","1","Perimeter Enforcer","mkm","Near Mint","English","foil","","2025-06-11 02:05:46.097000","31","False","False","0.03"
"1","1","Perplexing Chimera","bng","Near Mint","English","","","2025-06-11 02:05:46.097000","48","False","False","1.18"
"1","1","Persist","mh2","Near Mint","English","","","2025-06-11 02:05:46.097000","96","False","False","1.43"
"1","1","Persistent Constrictor","dsc","Near Mint","English","","","2025-06-11 02:05:46.097000","22","False","False","1.26"
"1","1","Persuasive Interrogators","mkm","Near Mint","English","foil","","2025-06-11 02:05:46.097000","345","False","False","0.18"
"1","1","Pestermite","mma","Near Mint","English","","","2025-06-11 02:05:46.097000","59","False","False","0.33"
"1","1","Pestermite","lrw","Near Mint","English","","","2025-06-11 02:05:46.097000","78","False","False","0.39"
"1","1","Phantom Interference","otj","Near Mint","English","foil","","2025-06-11 02:05:46.097000","61","False","False","0.12"
"1","1","Phyrexian Arena","pone","Near Mint","English","","","2025-06-11 02:05:46.097000","104p","False","False","1.63"
"1","1","Phyrexian Arena","mkc","Near Mint","English","","","2025-06-11 02:05:46.097000","133","False","False","1.96"
"1","1","Phyrexian Obliterator","a25","Near Mint","English","","","2025-06-11 02:06:23.177000","101","False","False","7.89"
"1","1","Phyrexian Rager","dmr","Near Mint","English","foil","","2025-06-11 02:05:46.097000","99","False","False","0.03"
"1","1","Pile On","mkc","Near Mint","English","","","2025-06-11 02:05:46.097000","134","False","False","0.12"
"1","1","Pitiless Horde","dtk","Near Mint","English","","","2025-06-11 02:05:46.097000","112","False","False","0.11"
"1","1","Plague Belcher","akh","Near Mint","English","","","2025-06-11 02:05:46.097000","104","False","False","1.27"
"1","1","Planar Outburst","bfz","Near Mint","English","","","2025-06-11 02:05:46.097000","42","False","False","0.12"
"1","1","Planeswalker's Mischief","pls","Near Mint","English","","","2025-06-11 02:05:46.097000","29","False","False","0.38"
"1","1","Polymorph","m10","Near Mint","English","","","2025-06-11 02:05:46.097000","67","False","False","1.36"
"1","1","Polymorphist's Jest","c17","Near Mint","English","","","2025-06-11 02:06:23.177000","90","False","False","4.05"
"1","1","Portal Mage","c17","Near Mint","English","","","2025-06-11 02:05:46.097000","13","False","False","0.19"
"1","1","Precognition Field","dom","Near Mint","English","","","2025-06-11 02:05:46.097000","61","False","False","0.20"
"1","1","Presumed Dead","mkm","Near Mint","English","foil","","2025-06-11 02:05:46.097000","100","False","False","0.14"
"1","1","Price of Fame","mkc","Near Mint","English","","","2025-06-11 02:05:46.097000","135","False","False","0.10"
"1","1","Priest of Ancient Lore","clb","Near Mint","English","","","2025-06-11 02:05:46.097000","704","False","False","0.11"
"1","1","Prismatic Ending","mh2","Near Mint","English","","","2025-06-11 02:05:46.097000","25","False","False","0.68"
"1","1","Pristine Angel","dst","Near Mint","English","","","2025-06-11 02:05:46.097000","9","False","False","0.55"
"1","1","Profane Command","mm2","Near Mint","English","","","2025-06-11 02:05:46.097000","90","False","False","0.35"
"1","1","Profaner of the Dead","dtk","Near Mint","English","","","2025-06-11 02:05:46.097000","70","False","False","0.24"
"1","1","Proft's Eidetic Memory","mkm","Near Mint","English","","","2025-06-11 02:06:23.177000","396","False","False","3.95"
"1","1","Progenitor Exarch","mom","Near Mint","English","","","2025-06-11 02:05:46.097000","32","False","False","0.22"
"1","1","Promise of Loyalty","mkc","Near Mint","English","","","2025-06-11 02:05:46.097000","79","False","False","0.18"
"1","1","Propaganda","acr","Near Mint","English","","","2025-06-11 02:05:46.097000","85","False","False","1.69"
"1","1","Pteramander","rna","Near Mint","English","","","2025-06-11 02:05:46.097000","47","False","False","0.08"
"1","1","Puppeteer Clique","mm2","Near Mint","English","","","2025-06-11 02:05:46.097000","91","False","False","0.33"
"1","1","Puppeteer Clique","c17","Near Mint","English","","","2025-06-11 02:05:46.097000","121","False","False","0.31"
"1","1","Puppeteer Clique","clb","Near Mint","English","","","2025-06-11 02:05:46.097000","769","False","False","0.28"
"1","1","Quest for the Holy Relic","zen","Near Mint","English","","","2025-06-11 02:05:46.097000","33","False","False","0.16"
"1","1","Quest for the Necropolis","mh3","Near Mint","English","foil","","2025-06-11 02:05:46.097000","104","False","False","0.15"
"1","1","Quicken","m14","Near Mint","English","","","2025-06-11 02:05:46.097000","68","False","False","0.20"
"1","1","Quicken","rvr","Near Mint","English","foil","","2025-06-11 02:05:46.097000","57","False","False","0.19"
"1","1","Radiant, Serra Archangel","cmr","Near Mint","English","","","2025-06-11 02:05:46.097000","40","False","False","0.11"
"1","1","Raise the Alarm","ema","Near Mint","English","foil","","2025-06-11 02:05:46.097000","24","False","False","0.23"
"1","1","Raise the Past","fdn","Near Mint","English","","","2025-06-11 02:05:46.097000","300","False","False","1.45"
"1","1","Ramosian Captain","mmq","Near Mint","English","","","2025-06-11 02:05:46.097000","35","False","False","0.24"
"1","1","Ramosian Commander","mmq","Near Mint","English","","","2025-06-11 02:05:46.097000","36","False","False","0.22"
"1","1","Ramosian Lieutenant","mmq","Near Mint","English","","","2025-06-11 02:05:46.097000","37","False","False","0.19"
"1","1","Ramosian Revivalist","fut","Near Mint","English","","","2025-06-11 02:05:46.097000","30","False","False","0.20"
"1","1","Ramosian Sergeant","mmq","Near Mint","English","","","2025-06-11 02:05:46.097000","39","False","False","0.24"
"1","1","Ramosian Sky Marshal","mmq","Near Mint","English","","","2025-06-11 02:05:46.097000","40","False","False","0.41"
"1","1","Rapid Hybridization","c21","Near Mint","English","","","2025-06-11 02:05:46.097000","126","False","False","1.94"
"1","1","Rattlechains","soi","Near Mint","English","","","2025-06-11 02:05:46.097000","81","False","False","0.19"
"1","1","Ravenous Chupacabra","mkc","Near Mint","English","","","2025-06-11 02:05:46.097000","136","False","False","0.21"
"1","1","Raven's Crime","mma","Near Mint","English","","","2025-06-11 02:05:46.097000","95","False","False","0.26"
"1","1","Ravine Raider","blb","Near Mint","English","foil","","2025-06-11 02:05:46.097000","106","False","False","0.04"
"1","1","Razorfield Ripper","m3c","Near Mint","English","","","2025-06-11 02:05:46.097000","94","False","False","0.12"
"1","1","Reality Acid","plc","Near Mint","English","","","2025-06-11 02:05:46.097000","45","False","False","0.22"
"2","2","Reassembling Skeleton","mm2","Near Mint","English","","","2025-06-11 02:05:46.097000","92","False","False","0.25"
"1","1","Reconnaissance","acr","Near Mint","English","foil","","2025-06-11 02:06:23.177000","82","False","False","5.56"
"1","1","Reins of Power","c15","Near Mint","English","","","2025-06-11 02:05:46.097000","103","False","False","1.54"
"1","1","Remand","mm2","Near Mint","English","","","2025-06-11 02:05:46.097000","55","False","False","0.34"
"1","1","Renegade Silent","who","Near Mint","English","foil","","2025-06-11 02:06:23.177000","53","False","False","2.09"
"1","1","Replication Technique","m3c","Near Mint","English","","","2025-06-11 02:05:46.097000","192","False","False","0.11"
"1","1","Reprieve","ltr","Near Mint","English","","","2025-06-11 02:05:46.097000","26","False","False","0.74"
"1","1","Rescue from the Underworld","ths","Near Mint","English","","","2025-06-11 02:05:46.097000","102","False","False","0.12"
"1","1","Resplendent Angel","lci","Near Mint","English","","","2025-06-11 02:06:23.177000","32","False","False","3.38"
"1","1","Rest in Peace","acr","Near Mint","English","foil","","2025-06-11 02:05:46.097000","156","False","False","0.58"
"1","1","Restoration Angel","avr","Near Mint","English","","","2025-06-11 02:05:46.097000","32","False","False","0.58"
"1","1","Restoration Angel","2x2","Near Mint","English","","","2025-06-11 02:05:46.097000","25","False","False","0.23"
"1","1","Retreat to Coralhelm","bfz","Near Mint","English","","","2025-06-11 02:05:46.097000","82","False","False","0.36"
"1","1","Retribution of the Ancients","ktk","Near Mint","English","","","2025-06-11 02:05:46.097000","85","False","False","0.45"
"1","1","Return to Dust","cmr","Near Mint","English","","","2025-06-11 02:05:46.097000","43","False","False","0.07"
"1","1","Return to Dust","who","Near Mint","English","","","2025-06-11 02:05:46.097000","211","False","False","0.08"
"1","1","Reveillark","2x2","Near Mint","English","","","2025-06-11 02:05:46.097000","26","False","False","0.65"
"1","1","Reverse Engineer","f17","Near Mint","English","foil","","2025-06-11 02:05:46.097000","7","False","False","0.36"
"1","1","Reverse the Polarity","who","Near Mint","English","","","2025-06-11 02:05:46.097000","54","False","False","0.67"
"1","1","Revitalize","sta","Near Mint","English","foil","","2025-06-11 02:05:46.097000","9","False","False","0.16"
"2","2","Rewind","mm3","Near Mint","English","","","2025-06-11 02:05:46.097000","47","False","False","0.27"
"1","1","Ritual of Restoration","dst","Near Mint","English","","","2025-06-11 02:05:46.097000","13","False","False","0.13"
"1","1","River's Rebuke","xln","Near Mint","English","","","2025-06-11 02:05:46.097000","71","False","False","0.75"
"1","1","Roar of the Kha","mrd","Near Mint","English","","","2025-06-11 02:05:46.097000","18","False","False","0.21"
"1","1","Rosie Cotton of South Lane","ltr","Near Mint","English","foil","","2025-06-11 02:05:46.097000","440","False","False","0.28"
"1","1","Ruin Crab","znr","Near Mint","English","","","2025-06-11 02:05:46.097000","295","False","False","1.21"
"1","1","Rumor Gatherer","clb","Near Mint","English","","","2025-06-11 02:05:46.097000","705","False","False","0.38"
"1","1","Rune-Scarred Demon","cmm","Near Mint","English","","","2025-06-11 02:05:46.097000","184","False","False","0.77"
"2","2","Ruthless Ripper","ktk","Near Mint","English","","","2025-06-11 02:05:46.097000","88","False","False","0.11"
"1","1","Sacred Ground","8ed","Near Mint","English","","","2025-06-11 02:05:46.097000","39","False","False","0.39"
"1","1","Sadistic Shell Game","dsc","Near Mint","English","","","2025-06-11 02:05:46.097000","24","False","False","0.24"
"1","1","Sai, Master Thopterist","cmm","Near Mint","English","","","2025-06-11 02:05:46.097000","118","False","False","0.31"
"1","1","Salvation Colossus","m3c","Near Mint","English","","","2025-06-11 02:05:46.097000","43","False","False","0.57"
"1","1","Salvation Colossus","m3c","Near Mint","English","","","2025-06-11 02:05:46.097000","95","False","False","0.18"
"2","2","Sam's Desperate Rescue","ltr","Near Mint","English","","","2025-06-11 02:05:46.097000","105","False","False","0.10"
"1","1","Samwise the Stouthearted","ltr","Near Mint","English","","","2025-06-11 02:05:46.097000","306","False","False","0.08"
"1","1","Sanctifier of Souls","emn","Near Mint","English","","","2025-06-11 02:05:46.097000","39","False","False","0.20"
"1","1","Sand Scout","otc","Near Mint","English","","","2025-06-11 02:05:46.097000","47","False","False","0.28"
"1","1","Sanguine Bond","wot","Near Mint","English","","","2025-06-11 02:05:46.097000","35","False","False","1.60"
"1","1","Sanguine Bond","ima","Near Mint","English","","","2025-06-11 02:06:23.177000","107","False","False","3.20"
"1","1","Sanitarium Skeleton","c19","Near Mint","English","","","2025-06-11 02:05:46.097000","127","False","False","0.15"
"1","1","Sapphire Charm","mir","Near Mint","English","","","2025-06-11 02:05:46.097000","89","False","False","0.22"
"1","1","Sarah Jane Smith","who","Near Mint","English","foil","","2025-06-11 02:05:46.097000","6","False","False","0.13"
"1","1","Sauron, the Necromancer","ltr","Near Mint","English","foil","","2025-06-11 02:05:46.097000","106","False","False","0.40"
"2","2","Sauron, the Necromancer","ltr","Near Mint","English","","","2025-06-11 02:05:46.097000","310","False","False","0.30"
"1","1","Sauron, the Necromancer","ltr","Near Mint","English","","","2025-06-11 02:05:46.097000","106","False","False","0.20"
"1","1","Savannah Lions","dmr","Near Mint","English","foil","","2025-06-11 02:05:46.097000","24","False","False","0.05"
"1","1","Scarab Feast","akh","Near Mint","English","","","2025-06-11 02:05:46.097000","106","False","False","0.09"
"2","2","Scholar of the Ages","cmr","Near Mint","English","","","2025-06-11 02:05:46.097000","93","False","False","0.09"
"1","1","Scholar of the Lost Trove","jmp","Near Mint","English","","","2025-06-11 02:05:46.097000","14","False","False","0.23"
"1","1","Scion of Darkness","2x2","Near Mint","English","foil","","2025-06-11 02:05:46.097000","86","False","False","0.21"
"1","1","Scion of Halaster","clb","Near Mint","English","etched","","2025-06-11 02:05:46.097000","498","False","False","0.08"
"1","1","Scion of Oona","lrw","Near Mint","English","","","2025-06-11 02:06:23.177000","83","False","False","6.13"
"1","1","Scion of the Swarm","znr","Near Mint","English","foil","","2025-06-11 02:05:46.097000","121","False","False","0.19"
"1","1","Scroll of Isildur","ltr","Near Mint","English","","","2025-06-11 02:05:46.097000","69","False","False","0.34"
"1","1","Scrollshift","mom","Near Mint","English","foil","","2025-06-11 02:05:46.097000","34","False","False","0.24"
"1","1","Seafloor Stalker","znr","Near Mint","English","foil","","2025-06-11 02:05:46.097000","78","False","False","0.02"
"1","1","Seal of Cleansing","mkc","Near Mint","English","","","2025-06-11 02:05:46.097000","80","False","False","0.10"
"1","1","Seasoned Dungeoneer","clb","Near Mint","English","","","2025-06-11 02:06:23.177000","660","False","False","4.91"
"1","1","Second Breakfast","ltr","Near Mint","English","foil","","2025-06-11 02:05:46.097000","29","False","False","0.07"
"1","1","Secure the Wastes","dtk","Near Mint","English","","","2025-06-11 02:05:46.097000","36","False","False","1.50"
"1","1","Secure the Wastes","moc","Near Mint","English","","","2025-06-11 02:06:23.177000","203","False","False","2.77"
"1","1","Seeker of the Way","cp3","Near Mint","English","foil","","2025-06-11 02:05:46.097000","2","False","False","0.22"
"1","1","Seeker of the Way","2x2","Near Mint","English","foil","","2025-06-11 02:05:46.097000","341","False","False","0.14"
"1","1","Selfless Glyphweaver // Deadly Vanity","stx","Near Mint","English","","","2025-06-11 02:05:46.097000","157","False","False","0.16"
"1","1","Selfless Squire","mkc","Near Mint","English","","","2025-06-11 02:05:46.097000","82","False","False","0.19"
"1","1","Sensor Splicer","2x2","Near Mint","English","foil","","2025-06-11 02:05:46.097000","29","False","False","0.08"
"1","1","Sepulchral Primordial","gtc","Near Mint","English","","","2025-06-11 02:05:46.097000","75","False","False","1.12"
"1","1","Seraph of the Masses","moc","Near Mint","English","","","2025-06-11 02:05:46.097000","205","False","False","0.10"
"1","1","Serendib Sorcerer","c17","Near Mint","English","","","2025-06-11 02:05:46.097000","93","False","False","0.19"
"1","1","Serra Avatar","c14","Near Mint","English","","","2025-06-11 02:05:46.097000","87","False","False","0.56"
"1","1","Serum Visions","f15","Near Mint","English","foil","","2025-06-11 02:05:46.097000","8","False","False","0.92"
"2","2","Serum Visions","5dn","Near Mint","English","","","2025-06-11 02:05:46.097000","36","False","False","0.56"
"1","1","Seven-Tail Mentor","neo","Near Mint","English","foil","","2025-06-11 02:05:46.097000","313","False","False","0.07"
"1","1","Sever the Bloodline","isd","Near Mint","English","","","2025-06-11 02:05:46.097000","115","False","False","0.09"
"1","1","Severed Strands","2x2","Near Mint","English","foil","","2025-06-11 02:05:46.097000","88","False","False","0.04"
"1","1","Shadow Rift","tmp","Near Mint","English","","","2025-06-11 02:05:46.097000","86","False","False","1.44"
"1","1","Shadowborn Apostle","2x2","Near Mint","English","foil","","2025-06-11 02:05:46.097000","89","False","False","1.53"
"2","2","Shadowborn Apostle","2x2","Near Mint","English","","","2025-06-11 02:05:46.097000","89","False","False","1.38"
"1","1","Shadows' Verdict","znr","Near Mint","English","","","2025-06-11 02:05:46.097000","344","False","False","0.17"
"3","3","Shared Fate","mrd","Near Mint","English","","","2025-06-11 02:05:46.097000","49","False","False","0.59"
"1","1","Shelter","ema","Near Mint","English","","","2025-06-11 02:05:46.097000","29","False","False","0.12"
"1","1","Sheoldred // The True Scriptures","mom","Near Mint","English","","","2025-06-11 02:06:23.177000","297","False","False","16.80"
"2","2","Shifting Grift","otj","Near Mint","English","foil","","2025-06-11 02:05:46.097000","66","False","False","0.14"
"1","1","Shimmering Wings","tmp","Near Mint","English","","","2025-06-11 02:05:46.097000","87","False","False","0.19"
"1","1","Shoreline Looter","blb","Near Mint","English","foil","","2025-06-11 02:05:46.097000","382","False","False","0.85"
"1","1","Shriekmaw","mkc","Near Mint","English","","","2025-06-11 02:05:46.097000","139","False","False","0.13"
"1","1","Sibsig Host","frf","Near Mint","English","foil","","2025-06-11 02:05:46.097000","82","False","False","0.19"
"2","2","Sigarda's Aid","emn","Near Mint","English","","","2025-06-11 02:06:23.177000","41","False","False","7.19"
